3098 5024
616 325 835 387 „31-

125 521 160 582 p.
188 501 267 584 181,
295 508 348 584 qui
376 522 478 566 omnes
506 499 720 585 ἐπαναφοράν
747 521 809 563 eam
834 503 937 562 dicant
962 495 1087 584 (Phoeb.
1111 520 1139 580 p.
1159 499 1201 562 46
1226 502 1313 562 simul

125 595 314 683 ἀναφοράν
339 595 445 685 vocat).

230 699 341 760 Eodem
361 701 447 761 modo
467 694 611 781 ἐπιφορά
629 699 715 777 Gorg.
732 693 814 782 (aur.
830 699 841 757 Ι
858 691 892 782 8)
912 693 1116 780 ἀντιστροφή
1135 702 1212 776 apud
1233 697 1312 759 dier.

127 797 225 857 Num.
250 818 276 876 p.
297 795 349 878 29,
375 787 485 858 Phoeh.
509 816 536 875 p.
556 795 606 878 56,
631 795 694 856 Tib.
720 816 746 875 p.
768 793 819 876 74,
843 813 928 856 anon.
952 816 979 875 p.
1002 793 1075 878 132,
1098 795 1166 856 Zon.
1192 815 1219 875 p.
1241 793 1312 876 166,

130 913 225 954 anon.
250 914 278 974 p.
301 893 363 955 112
387 904 517 955 vocatur.

228 993 380 1073 κοινότης
403 992 491 1071 Gorg.
515 985 598 1074 (Hui.
618 991 629 1050 1
649 984 684 1074 9)
708 989 880 1071 συμπλοκή
903 985 923 1071 ἦ
948 989 1107 1064 σύνθεσις
1131 992 1207 1070 apud
1231 992 1312 1052 Alex.

131 1090 225 1150 Num.
250 1109 278 1169 p.
298 1089 354 1171 30,
378 1090 446 1150 Zon.
471 1110 498 1170 p.
520 1087 596 1169 166,
620 1107 706 1150 enon.
730 1109 757 1168 p.
779 1087 851 1150 183.

229 1185 376 1270 διαφοραί
404 1189 491 1266 Gorg.
520 1181 602 1270 (Hui.
628 1187 639 1245 Ι
666 1179 721 1268 12)
754 1182 1004 1265 ἀντιμετάθεσις
1037 1181 1056 1265 ἦ
1090 1183 1262 1268 σύγκρισις
1291 1181 1311 1267 ἦ

130 1285 243 1365 πλοκη
268 1286 345 1365 apud
369 1286 450 1346 Alex.
470 1285 555 1344 Num.
579 1302 607 1362 p.
628 1281 684 1362 37,
706 1281 813 1361 πλοκη
837 1285 914 1363 apud
938 1283 1048 1344 Phoeb.
1072 1305 1099 1364 p.
1119 1280 1175 1365 56,
1198 1284 1246 1346 10.

228 1380 387 1464 ἐπιπλοκη
416 1384 503 1461 Gorg.
532 1377 645 1466 (nuel
669 1374 723 1463 13)
751 1377 867 1461 κλίμαξ
897 1381 972 1460 apud
999 1382 1077 1443 dier.
1103 1382 1188 1442 Num.
1212 1402 1240 1461 p.
1260 1380 1312 1462 31,

131 1480 203 1541 Tib.
227 1502 254 1561 p.
275 1480 325 1562 72,
352 1481 458 1541 Herod.
482 1499 509 1558 p.
529 1475 581 1560 99,
605 1498 690 1540 enon.
714 1498 742 1557 p.
765 1476 837 1558 133,
861 1478 929 1539 Zon.
950 1499 976 1558 p.
998 1477 1066 1559 166,
1090 1499 1175 1542 anon.
1195 1499 1222 1558 p.
1240 1479 1312 1542 183.

227 1577 378 1653 διάλυσις
394 1579 481 1657 Gorg.
497 1571 580 1660 (Hui.
596 1575 608 1636 1
624 1570 680 1659 15)
700 1573 885 1639 ἀσύνδετον
904 1579 980 1657 εμοό
1000 1577 1109 1638 Phoeh.
1128 1597 1156 1656 p.
1172 1574 1223 1659 45,
1248 1578 1311 1638 Tib.

130 1697 161 1755 p.
186 1675 240 1757 77,
263 1677 336 1738 Zon.
359 1697 387 1757 p.
409 1674 487 1756 109,
511 1693 596 1736 εοοο.
620 1693 648 1753 p.
670 1671 741 1736 186.

226 1771 383 1854 μετάνοια
402 1773 489 1850 Gorg.
508 1765 591 1854 (Hui.
606 1771 618 1831 Ι
636 1765 691 1855 16)
711 1767 896 1851 ἐπιτίμησις
914 1774 992 1852 apud
1012 1773 1092 1834 Alex.
1112 1773 1197 1834 Num.
1217 1795 1244 1854 p.
1259 1772 1312 1855 40,

129 1867 374 1953 ἐπιὸιόρθωσις
397 1871 474 1950 apud
499 1869 563 1930 Tib.
586 1888 614 1948 p.
632 1867 675 1930 62
700 1873 777 1930 Ιοῑοι·
801 1870 911 1930 schem.
931 1870 1022 1952 dian,
1046 1889 1130 1931 anon.
1150 1891 1178 1950 p.
1198 1869 1267 1932 142.

225 1969 390 2050 πρόληψις
417 1967 505 2045 Gorg.
533 1961 616 2049 (aut.
636 1960 716 2049 114)
744 1963 991 2048 προκατάληψις
1017 1969 1096 2047 apud
1120 1970 1199 2028 Alex.
1225 1970 1309 2029 Nurn.

129 2087 163 2146 p.
187 2063 241 2147 16,
265 2067 374 2128 Phoeh.
399 2087 426 2146 p.
446 2064 502 2145 51,
526 2065 594 2125 Zon.
618 2084 646 2144 p.
668 2061 744 2145 161,
768 2084 854 2125 anon.
878 2084 906 2143 p.
928 2061 999 2126 175.

225 2161 489 2247 χαρακτηρισμός
503 2162 590 2241 Gorg.
605 2157 688 2246 (Hui.
700 2162 724 2222 H
737 2157 771 2244 7)
789 2161 977 2242 εἰκονισμός
992 2164 1068 2242 apud
1084 2163 1183 2243 Polyb.
1198 2183 1226 2242 p.
1238 2161 1311 2226 108.

226 2258 347 2344 ἀπορία
366 2263 453 2340 Gorg.
473 2255 558 2344 (Hui.
572 2260 597 2319 ΙΙ
614 2253 670 2342 10)
695 2257 891 2342 διαπόρησις
914 2261 992 2338 apud
1013 2261 1092 2322 dier.
1111 2261 1197 2322 Num.
1217 2281 1243 2340 p.
1258 2258 1310 2341 24,

91 2377 95 2381 ·
130 2359 245 2421 Phoeh.
270 2380 297 2440 p.
317 2357 373 2440 54,
402 2359 465 2418 Tib.
490 2377 518 2436 p.
538 2355 595 2440 61,
623 2358 691 2418 Zon.
716 2377 743 2436 p.
765 2355 841 2439 163,
870 2376 956 2419 οοοο.
980 2378 1008 2438 p.
1029 2358 1106 2441 179,
1133 2363 1184 2438 qui
1208 2378 1316 2420 omnes-

129 2462 215 2518 inter
238 2457 349 2520 schem.
373 2457 449 2518 dian.
474 2475 538 2516 eam
563 2467 728 2517 numerant.

224 2551 476 2637 παρασιώπησις
497 2554 584 2633 Gorg.
604 2547 686 2636 (Hui.
703 2553 728 2613 ΙΙ
745 2549 800 2636 11)
820 2551 1017 2636 παράλειψις
1036 2556 1112 2634 apud
1129 2555 1208 2616 dier.
1224 2555 1310 2616 Num.

130 2673 163 2733 p.
185 2651 236 2734 23,
260 2653 369 2714 ΡΙιοοΙι.
393 2672 421 2732 p.
441 2650 493 2732 51,
517 2651 581 2712 Tib.
604 2649 704 2732 p.60‚
728 2671 813 2713 enon.
837 2672 865 2731 p.
886 2650 961 2734 149,
985 2653 1054 2714 Zon.
1079 2672 1107 2731 p.
1129 2651 1201 2734 163,
1225 2672 1310 2714 anon.

130 2771 161 2831 p.
186 2749 261 2832 178,
285 2751 361 2830 apud
386 2768 489 2810 omnes
511 2750 566 2809 hos
591 2751 669 2809 inter
692 2749 802 2810 schem.
827 2750 903 2810 dian.

225 2845 402 2911 ἀντίθετον
422 2847 509 2927 Gorg.
525 2842 608 2931 (Hui.
623 2846 649 2907 ΙΙ
666 2839 722 2929 16)
741 2843 911 2921 ἀντίθεσις
930 2849 1008 2928 apud
1024 2848 1103 2908 Alex.
1118 2848 1204 2909 Num.
1220 2869 1247 2929 p.
1259 2848 1311 2931 36,

131 2945 245 3007 Herod.
269 2965 297 3025 p.
317 2943 375 3008 98.-

224 3043 336 3104 Heinde
369 3045 415 3123 fig.
444 3045 699 3124 συναθροισμοῦ
727 3044 814 3123 Gorg.
844 3038 926 3128 (Hui.
950 3045 963 3103 1
987 3039 1022 3129 2)
1055 3045 1160 3105 eodem
1191 3047 1310 3105 nominc

131 3143 298 3220 eademque
318 3144 438 3202 notione
458 3141 567 3220 legitur
585 3142 664 3220 apud
683 3142 764 3202 Alex.
778 3139 865 3202 Num.
885 3163 911 3222 p.
927 3140 980 3222 27,
999 3142 1069 3203 Zon.
1085 3161 1112 3220 p.
1128 3139 1201 3222 162,
1224 3161 1310 3204 anon.

131 3237 244 3320 p.l76,
259 3240 311 3299 sed
326 3242 357 3299 in
372 3239 578 3299 definitionum
593 3239 717 3318 singulis
731 3239 831 3299 verbis
846 3258 1011 3301 consensus
1022 3240 1132 3301 frustra
1144 3243 1311 3321 quaeritur3

131 3347 289 3416 praeterea
319 3338 396 3418 apud
425 3337 479 3398 bos
507 3355 610 3398 omnes
634 3340 713 3398 inter
737 3340 951 3399 sententiarum
976 3340 1085 3416 figuras
1109 3347 1310 3399 enumeratur.

225 3435 336 3496 Similis
360 3443 406 3496 est
429 3437 504 3495 ratio

187 3565 192 3572 -
224 3533 473 3615 παρονομασίας
496 3532 585 3611 Gorg.
604 3526 688 3616 (Hui.
707 3533 719 3593 Ι
739 3528 788 3616 3);
812 3535 848 3594 ci.
868 3532 1053 3594 41e1.Num.
1077 3553 1104 3613 p.
1124 3531 1177 3614 36,
1200 3533 1309 3594 Phoeh.

133 3654 164 3713 p.
183 3632 241 3713 47,
264 3631 329 3692 Tib.
353 3650 382 3709 p.
401 3629 458 3712 71,
481 3630 588 3691 Herod.
612 3649 640 3710 p.
662 3627 718 3711 95,
742 3630 811 3691 Zon.
836 3650 863 3709 p.
885 3628 961 3712 168,
985 3650 1070 3692 anon.
1093 3651 1122 3710 p.
1145 3625 1215 3692 185.

224 3724 378 3810 ἐπιβολῆς
402 3730 488 3807 Gorg.
508 3722 591 3811 (Hui.
611 3729 623 3789 Ι
645 3722 693 3811 7),
716 3730 753 3789 ci.
777 3728 885 3790 Phoeb.
910 3749 938 3809 p.
956 3725 999 3790 55
1024 3737 1054 3789 et
1077 3725 1128 3790 56.
1137 3722 1162 3810 1)

225 3948 251 4015 1)
269 3944 329 4000 Hoc
343 3961 447 4000 nomen
462 3940 593 4016 ἐπιβολῆς
608 3961 671 3998 cum
685 3946 760 4014 apud
775 3946 880 3999 Phoeb.
895 3942 1029 4013 legerem,
1044 3944 1092 4018 qui
1107 3942 1137 3998 in
1153 3943 1307 4014 appendice

130 4029 206 4082 hanc
234 4027 355 4096 figuram
382 4025 495 4080 nornine
521 4021 707 4094 ἐπαναφορᾶς
729 4025 787 4079 iam
811 4026 896 4079 antea
919 4041 937 4078 a
960 4041 989 4078 se
1014 4025 1182 4094 descriptam
1206 4025 1309 4094 repetit

131 4108 309 4176 eandemque
328 4105 399 4160 dicit
419 4122 480 4160 esse
499 4107 584 4173 atque
604 4100 757 4176 ἀναφοράν
775 4107 820 4175 (=
841 4101 1050 4172 ἐπαναφοράν),
1071 4103 1152 4158 illum
1172 4103 1308 4175 opinabar
1407 4151 1409 4159 .

130 4188 163 4241 in
189 4186 347 4257 appendice
370 4187 484 4252 saltem,
513 4185 561 4239 ubi
583 4201 722 4254 exponere
746 4187 819 4240 vult:
845 4186 905 4247 πῶς
930 4184 1048 4240 ἕκαστον
1072 4186 1199 4254 γίγνεται
1221 4181 1307 4240 ταύτό

130 4267 293 4338 figurasque
312 4267 342 4320 in
360 4264 593 4322 antecedentibus
613 4281 646 4319 ex
665 4266 746 4334 parte
767 4267 823 4318 iam
841 4266 979 4320 tractatas
997 4264 1080 4318 affert
1095 4282 1154 4318 non
1168 4265 1306 4332 definitas,

132 4348 184 4402 sed
199 4348 333 4416 exemplis
348 4347 514 4415 illustratas,
534 4362 549 4399 e
564 4343 669 4414 Gorgia
683 4346 818 4414 hausisse,
833 4345 899 4414 quia
913 4361 1015 4400 nomen
1030 4339 1162 4415 ἐπιβολῆς
1176 4362 1209 4400 eo
1225 4362 1307 4400 sensu

132 4445 188 4497 quo
204 4428 308 4497 legitur
322 4427 398 4496 apud
411 4426 494 4500 Gorg.
505 4427 580 4496 (aur.
591 4425 641 4495 17)
655 4442 746 4494 neque
760 4426 836 4495 apud
849 4441 967 4496 graecos
981 4426 1108 4480 rhetores
1123 4441 1215 4493 neque
1230 4425 1305 4494 apud
