3068 5028
569 326 788 390 ..35-

92 510 179 570 nobis
202 519 247 570 est
271 527 339 570 cum
362 507 584 568 definitionibus
608 506 823 588 exemplisquo3
847 513 910 567 tres
933 511 1021 568 etiam
1045 510 1130 587 quasi
1149 509 1265 584 species

93 606 223 667 Rutilius
247 607 317 666 huic
341 608 444 684 generi
468 605 628 684 subiungit,
653 623 778 682 quarum
802 623 1040 684 unamquamque
1064 614 1094 666 et
1115 606 1218 666 definit
1238 612 1267 663 et

93 704 228 784 exemplo
252 701 397 764 illustrat:
421 723 454 764 ac
479 712 578 763 tarnen
601 702 678 762 hano
701 709 869 762 accuratam
889 703 1118 782 descriptionem
1139 711 1266 763 tantum-

92 802 180 861 modo
209 801 298 860 verbo
327 819 461 880 ponere
486 800 686 871 Quintilianus
714 801 868 878 significat.
914 800 956 861 Cf.
981 803 1068 861 etiam
1092 797 1267 861 lll11193:

92 903 176 974 qood
192 903 276 976 opud
295 902 422 960 eundem
441 898 556 959 scilicet
570 897 713 958 Rutilium
730 902 831 974 primo
846 903 911 959 loco
922 903 1080 975 positum
1095 906 1139 959 cst
1153 897 1268 958 scilicet

93 996 213 1057 schema
236 994 527 1077 προσαποδόσεωςε
556 997 641 1055 cuius
665 995 785 1073 quidem
810 996 920 1074 figurae
945 1014 1004 1055 uon
1028 1014 1136 1056 nomen
1161 995 1266 1075 solnm,

93 1095 144 1154 sed
171 1095 246 1154 duae
271 1097 359 1154 etiam
383 1096 468 1172 quasi
492 1097 621 1173 species,
650 1111 776 1171 quarum
800 1103 925 1172 utraque
951 1093 1112 1173 descripta,
1141 1101 1267 1170 utraque

94 1192 229 1271 exemplo
253 1192 399 1253 illustrata
423 1199 478 1272 est,
501 1193 581 1252 inter
601 1190 705 1250 Rutilii
729 1210 804 1270 quac
828 1190 971 1250 habemus
995 1190 1144 1251 schemata
1168 1190 1267 1250 lexeos

6 1357 8 1382 Ι
94 1296 219 1350 exstant.
266 1290 308 1351 cf.
332 1292 463 1350 omnium
488 1308 623 1349 maxume
648 1285 823 1369 lX11199,
847 1288 898 1349 ubi
922 1289 1060 1368 legimus:
1085 1292 1155 1350 item
1179 1289 1267 1348 Ruti-

94 1393 153 1449 le'us
173 1395 300 1464 praeter
323 1405 359 1447 ee
379 1406 458 1463 quoe
477 1391 562 1464 opud
580 1391 655 1448 elios
673 1404 793 1461 quoque
810 1394 880 1447 sunt
898 1385 1148 1466 παρομολογιάν
1167 1383 1268 1464 ἀναγ-

6 1507 7 1510 ’
93 1492 190 1546 καῖον
218 1495 247 1545 et
275 1504 349 1562 quae
379 1504 442 1564 sqq.
472 1485 586 1545 scilicet
614 1487 736 1564 posuit
763 1487 842 1544 inter
868 1485 977 1562 figuras
1002 1484 1160 1544 verborum
1184 1476 1267 1565 (sup-

95 1583 202 1662 plenda
230 1583 303 1642 baec
328 1601 344 1642 e
367 1601 482 1661 paragr.
502 1577 575 1664 97);
603 1601 678 1660 qnae
707 1600 812 1640 novem
841 1581 952 1659 figurae
980 1584 1059 1640 inter
1082 1582 1144 1661 ipsa
1168 1580 1268 1641 lexeos

95 1681 244 1741 schemata
276 1680 363 1740 nobis
396 1687 511 1740 servata
544 1699 612 1739 cum
641 1678 862 1739 definitionibus
891 1679 1092 1758 exemplisque
1120 1679 1268 1757 leguntur.

95 1780 297 1858 Praepropero
319 1781 410 1856 igitur
430 1777 567 1837 llrabcim
587 1795 620 1836 ea
641 1796 716 1856 quae
736 1774 950 1837 lx11102ao
971 1777 1114 1837 Rutilium
1134 1784 1269 1856 spectant

96 1876 184 1936 rerba
216 1879 257 1936 ita
290 1874 488 1954 intellegenda
522 1877 660 1952 opinatus
693 1884 751 1954 est,
785 1877 869 1952 quasi
898 1874 1025 1934 Rutilius
1054 1877 1268 1935 sententiarum

96 1976 206 2052 figuras
230 1992 298 2033 suas
322 1972 538 2043 aQuintiliano
562 1982 739 2033 memoratas
763 1972 832 2032 huic
856 1973 959 2051 generi
983 1974 1186 2033 tantummodo
1211 1972 1268 2031 ad·

95 2074 300 2151 scripserit.

184 2168 276 2229 lmmo
310 2171 523 2229 sententiarum
557 2171 628 2228 item
662 2177 695 2229 ut
727 2167 884 2229 verborum
916 2170 1025 2246 figuras
1054 2179 1191 2237 accurate
1220 2171 1269 2230 de·

95 2269 222 2346 scriptas
246 2266 449 2346 exemplisque
473 2275 574 2327 auctas
598 2285 664 2327 esso
688 2285 703 2325 a
725 2267 834 2327 Rutilio
854 2270 916 2326 veri
936 2269 1067 2327 omnium
1087 2267 1268 2328 simillimum

94 2374 149 2424 est.
195 2363 233 2424 Ut
257 2363 344 2424 modo
368 2365 508 2444 vidimuS,
537 2361 716 2425 ἀντιθέτου
739 2366 864 2445 figurae,
894 2383 981 2444 quam
1005 2369 1083 2426 inter
1107 2367 1216 2444 figuras
1240 2375 1270 2426 et

94 2461 254 2522 verborum
279 2471 309 2521 et
334 2465 549 2522 sententiarum
573 2481 589 2521 a
608 2462 719 2521 Rutilio
742 2465 870 2539 positam
889 2461 1088 2532 Quintilianus
1107 2462 1269 2526 1x11102

93 2560 201 2639 refert,
230 2577 324 2637 genus
351 2577 444 2620 unum
468 2559 582 2620 scilicet
605 2559 704 2620 lexeos
729 2578 795 2620 cum
820 2560 1043 2621 definitionibus
1068 2562 1269 2641 exemplisque

94 2666 245 2718 serratum
274 2666 378 2717 exstat.
424 2656 508 2727 Quod
533 2660 664 2718 comita
689 2659 741 2738 sit,
769 2677 840 2717 num
865 2659 941 2718 forte
965 2658 1117 2737 probabile
1142 2668 1188 2721 est
1211 2659 1269 2720 Ru·

93 2756 191 2816 tilium
222 2755 294 2815 illud
324 2755 450 2816 alterum
477 2773 571 2834 genus
600 2755 738 2815 antitheti
766 2755 880 2815 scilicet
907 2757 1047 2817 dianoeas
1075 2757 1269 2836 adscripsisse

94 2853 300 2914 tantummodo
320 2855 534 2914 sententiarum
554 2854 658 2931 figuris
678 2872 774 2931 neque
792 2855 951 2931 quicquam
967 2854 1124 2934 addidisse,
1143 2873 1268 2933 quanam

93 2970 128 3010 re
158 2950 232 3010 haec
259 2953 475 3010 sententiarum
503 2951 596 3028 figura
623 2951 659 3009 ab
683 2950 815 3010 eiusdem
840 2953 968 3011 nominis
991 2951 1086 3030 figura
1110 2952 1268 3012 verborum

94 3050 238 3127 dillorret,
257 3051 298 3108 ita
316 3049 430 3108 scilicet
445 3059 478 3108 ut
492 3047 568 3107 hauc
583 3067 703 3127 quoque
718 3048 902 3109 describeret
917 3049 1108 3129 exemplaque
1123 3047 1269 3129 poneret?

94 3147 168 3206 Mihi
192 3147 312 3224 quidem
336 3165 460 3224 prorsus
484 3145 659 3206 incredibile
683 3147 739 3206 boc
764 3147 888 3207 ridetur.

184 3243 265 3303 ldem
291 3244 479 3303 statuendum
504 3252 550 3303 est
573 3244 609 3303 de
634 3244 727 3320 figura
752 3240 942 3323 ἀναγκαίου.
986 3245 1019 3304 ln
1044 3246 1166 3306 alterius
1190 3249 1268 3307 enim

94 3343 202 3420 capitis
225 3359 341 3419 paragr.
363 3338 425 3401 106
450 3340 650 3411 Quintilianus
679 3341 751 3401 dicit
778 3342 865 3402 baec:
893 3343 1027 3404 Rutilius
1051 3347 1113 3405 sive
1139 3347 1269 3420 Gorgias

92 3436 330 3518 ἀναγκαῖον,
353 3434 541 3517 ἀνάμνησιν
565 3447 595 3498 et
619 3457 693 3518 quae
718 3458 781 3518 sqq.
806 3443 918 3501 scilicet
941 3444 1020 3501 inter
1041 3441 1151 3502 lumina
1170 3445 1269 3521 posuit

94 3538 325 3616 sententiarum3
360 3539 390 3595 in
423 3539 505 3596 tertii
537 3539 643 3615 capitis
675 3556 790 3617 paragr.
814 3536 856 3600 99
890 3541 977 3599 ctiam
1005 3541 1084 3600 inter
1110 3540 1269 3602 verborum

93 3637 206 3712 figuras
225 3635 301 3694 hanc
321 3654 335 3694 a
354 3634 464 3695 Rutilio
484 3635 609 3713 figuram
629 3639 754 3714 positam
774 3655 839 3696 esso
859 3636 938 3696 idem
957 3645 1092 3718 testatur,
1111 3639 1151 3698 ita
1172 3648 1269 3699 tamen

95 3745 129 3792 ut
153 3736 217 3811 ipse
241 3751 305 3792 eam
330 3731 488 3793 verborum
510 3752 575 3792 esso
595 3735 719 3814 figuram
738 3729 866 3816 negot.1)
905 3735 1000 3796 Huius
1020 3754 1138 3815 quoque
1158 3738 1268 3815 figurae

93 3849 192 3908 genus
220 3837 381 3908 utrumque
411 3850 475 3891 mea
503 3836 649 3894 sententia
673 3833 783 3893 Rutilio
810 3836 851 3893 ita
879 3844 942 3893 erat
969 3834 1168 3915 tractandum,
1197 3845 1269 3895 uta

189 3967 215 4035 1)
239 3970 316 4031 §972
342 3965 408 4021 Sola
433 3974 471 4024 est
488 3970 520 4022 iu
537 3986 567 4023 eo
586 3969 655 4024 libro
675 3986 711 4023 sc.
731 3967 872 4024 Ciceronis
891 3967 976 4023 terlio
997 3969 1032 4023 de
1051 3972 1161 4024 oratore
1177 3973 1269 4038 posita

92 4047 168 4100 inter
187 4047 292 4116 figuras
310 4047 451 4102 verborum
466 4090 472 4103 .
488 4071 508 4116 .;
533 4054 548 4114 ξ
563 4053 609 4102 98:
634 4051 720 4104 edicit
737 4050 781 4104 bie
802 4049 936 4104 Caecilius
954 4051 1140 4119 περίφρασιν,
1164 4051 1196 4104 de
1214 4068 1268 4120 qua

93 4128 167 4193 dixi,
188 4125 353 4193 Cornificius
371 4129 610 4197 interrogationem
630 4169 635 4181 .
653 4170 658 4181 .
673 4146 787 4197 quorum
798 4131 898 4198 priora
912 4130 1025 4184 ulterius
1039 4131 1145 4198 perceris
1159 4130 1269 4184 scilicet

94 4206 299 4289 sententiarum
322 4212 388 4260 suut
405 4208 553 4276 schemata,
576 4211 716 4278 sequentia
733 4210 869 4264 schemata
886 4210 997 4264 crocino
1015 4226 1072 4263 con
1090 4215 1166 4275 εααῑς
1191 4215 1268 4274 §992

93 4287 159 4340 item
182 4287 309 4341 Rutilius
332 4293 443 4356 praeter
471 4305 502 4341 eu
530 4306 599 4357 quae
627 4291 703 4358 apud
732 4291 801 4343 allos
828 4306 932 4358 quoque
959 4295 1024 4344 sunt
1049 4291 1268 4359 campologica,

94 4361 291 4436 ἀναγκαῖον
311 4369 340 4420 et
358 4383 430 4435 quae
449 4384 510 4436 sqq.
530 4367 639 4422 scilicet
657 4370 730 4422 inter
748 4368 851 4436 figuras
871 4369 1020 4423 verborum
1039 4369 1143 4438 posuit,
1163 4371 1195 4422 ole
1208 4373 1268 4440 qui·

94 4447 146 4501 bus
164 4447 236 4501 idem
249 4447 310 4502 dico
325 4447 433 4502 scilicet
446 4449 496 4502 aui
510 4447 712 4502 sententiarum
727 4448 821 4517 polius
836 4465 870 4502 ea
884 4449 1029 4504 schemate
1043 4453 1092 4503 aut
1106 4450 1185 4503 nulle
1199 4467 1268 4508 esse.

1074 4537 1108 4589 3*
