3068 5028
603 281 659 370 ’-
708 295 836 389 11-

136 493 249 563 'mentis
272 499 396 586 auxitl),
420 524 479 566 non
503 508 567 566 sine
591 508 706 567 ratione
726 507 835 585 figuras
854 525 923 567 sues
943 506 1103 567 collocasse
1123 509 1153 567 in
1172 515 1313 584 promptu

140 607 198 660 est:
222 608 256 660 ut
275 601 407 680 exempla
428 604 571 682 quaedam
591 604 719 686 afferam,
739 605 816 683 apud
836 605 919 666 illum
938 614 1019 665 recte
1039 608 1215 666 coniunctae
1225 608 1313 690 ,inter

140 715 172 758 se
205 698 346 776 leguntur
378 706 518 778 repetitio
550 706 707 764 conversio
740 705 907 778 complexio
936 696 1313 784 (1v0.x111§19,20;

142 823 182 844 =
203 791 340 877 ἐπιβολή
359 793 503 878 ἐπιφορά
520 798 671 879 κοινότης
689 799 767 878 apud
786 793 879 880 But),
898 818 1024 876 compar
1042 802 1181 864 similiter
1200 803 1313 861 cudens

139 898 279 956 similiter
307 899 446 958 desinens
475 891 526 981 (lv
546 917 570 958 c.
592 897 658 978 xx,
687 923 729 946 =
758 895 919 958 ἰσόκωλον
948 892 1173 977 ὁμοιόπτωτον
1201 893 1313 978 ὁμοιο-

139 985 295 1054 τέλευτον
309 994 387 1072 apud
402 988 496 1079 uun),
515 996 618 1057 decem
633 997 841 1057 exornationes
856 995 1024 1077 verborum,
1040 1015 1166 1075 quarum
1181 999 1312 1057 omnium

139 1090 197 1150 boc
221 1098 267 1150 est
289 1095 453 1174 proprium,
477 1103 511 1155 ut
534 1097 572 1155 ob
596 1098 710 1156 usitato
734 1096 894 1156 uerborum
914 1103 1064 1172 potestate
1082 1098 1249 1156 recedatur
1268 1103 1313 1155 nt·

140 1207 198 1264 pue
226 1192 258 1250 in
286 1194 378 1252 oliam
406 1195 556 1254 rationem
582 1210 650 1254 cum
673 1196 806 1269 quodam
830 1199 986 1254 venustate
1009 1196 1109 1254 oratio
1133 1191 1313 1267 conferatur

142 1280 193 1370 (lv
213 1306 237 1348 e.
259 1285 354 1347 XXXI
377 1297 406 1350 et
430 1308 505 1368 quae
529 1309 607 1372 sqq.;
632 1309 706 1370 quae
730 1291 842 1370 figurae
866 1298 968 1370 postea
993 1309 1007 1350 a
1028 1288 1199 1351 rhetoribus
1218 1292 1313 1368 tropis

140 1385 309 1464 adscriptae
343 1383 438 1468 suni).
488 1388 591 1469 Neque
624 1407 749 1468 usquam
782 1390 859 1468 apud
893 1408 961 1450 eum
992 1388 1103 1448 similes
1131 1389 1240 1467 figuras
1268 1406 1312 1448 se·

140 1485 258 1543 iunctas
283 1483 349 1545 vidi.
387 1485 425 1546 At
448 1485 641 1548 nibilominus
665 1486 793 1548 dilucide
812 1487 970 1566 disponere
990 1488 1099 1567 figuras
1119 1505 1187 1547 suas
1208 1505 1244 1546 ne
1265 1485 1313 1548 hic

139 1580 259 1658 quidem
284 1590 408 1642 conatus
432 1592 485 1644 est.
522 1584 605 1645 Alter
629 1603 707 1665 vero,
731 1584 845 1666 Cicero,
868 1585 976 1646 multas
995 1584 1044 1645 ille
1064 1585 1183 1664 quidem
1203 1586 1313 1663 figuras

139 1678 251 1738 similes
275 1681 354 1740 inter
377 1699 408 1741 se
433 1684 582 1759 conexuit,
606 1683 642 1743 ci.
662 1685 692 1742 in
716 1686 798 1744 tertii
821 1683 858 1744 de
877 1692 995 1745 oratore
1015 1702 1040 1744 c.
1055 1680 1112 1743 54:
1135 1686 1313 1744 ..eiusdem

140 1779 228 1839 verbi
253 1780 366 1839 crebro
394 1787 456 1840 turn
484 1799 503 1840 o
528 1785 628 1857 primo
656 1785 795 1858 repetitio
821 1789 882 1842 ium
911 1786 942 1842 in
966 1788 1133 1843 extremum
1156 1783 1313 1842 conversio

141 1882 171 1936 et
194 1879 225 1935 in
250 1879 355 1937 eodem
379 1880 472 1939 umbo
497 1882 622 1956 impetus
643 1887 673 1940 et
690 1884 844 1942 conclusio
864 1907 906 1930 =
927 1875 1063 1960 ἐπιβολή
1083 1873 1227 1958 ἐπιφορά
1244 1897 1314 1940 κοι-

139 1969 239 2050 νότης
267 1975 342 2054 apud
367 1974 511 2036 Rutilium
536 1970 653 2057 (eodem
677 1978 765 2039 modo
789 1980 818 2038 in
843 1978 978 2040 Oratoris
1002 1996 1064 2057 cap.
1084 1974 1141 2038 39:
1169 1996 1236 2038 curn
1260 1985 1314 2038 nul

140 2073 179 2131 nb
203 2075 305 2132 eodem
330 2074 421 2133 uerbo
445 2077 571 2135 ducitur
592 2079 715 2153 saepius
738 2079 838 2136 oratio
862 2084 916 2137 out
940 2080 970 2137 in
990 2079 1068 2137 idem
1088 2078 1240 2136 conicitur
1259 2082 1313 2135 out

139 2161 330 2251 utrunque);
359 2169 482 2233 ibidem:
511 2176 563 2233 illo
587 2191 666 2249 pune
688 2177 828 2235 similiter
851 2177 993 2235 desinunt
1016 2181 1070 2234 out
1093 2176 1209 2234 cadunt
1231 2177 1312 2234 simi-

139 2270 209 2326 liter
233 2274 288 2326 nui
310 2285 389 2342 quoe
407 2272 538 2345 poribus
553 2274 648 2347 μανία
667 2271 848 2347 referuntur
867 2299 909 2321 =
929 2264 1181 2351 ὁμοιοτέλευτον
1201 2266 1312 2351 ὁμοιό-

138 2380 269 2426 nemeen
297 2362 458 2428 ἰσόκωλον
481 2369 559 2448 epud
583 2368 664 2449 Rut,
693 2387 726 2428 ac
749 2369 834 2448 plura
857 2370 1043 2450 huiusmodi3
1071 2388 1131 2430 non
1155 2377 1253 2430 tamen
1277 2387 1312 2428 eo

141 2463 210 2521 vitio
238 2480 364 2541 prorsus
392 2463 549 2547 abstinuit,
577 2474 611 2527 ut
634 2466 744 2545 figuras
768 2467 846 2528 baud
871 2467 959 2529 dubie
983 2467 1205 2546 coniungendas
1229 2484 1311 2545 sepa-

139 2568 233 2638 raret,
265 2558 357 2621 veluti
389 2555 440 2642 (ci.
464 2563 500 2623 de
525 2583 568 2626 or.
591 2563 631 2624 ΙΙΙ
655 2558 712 2649 54)
744 2569 978 2641 peminniionem
1013 2593 1052 2613 =
1085 2560 1312 2625 incidissimum

139 2656 283 2719 disiunxit
310 2658 346 2718 ab
375 2661 508 2723 eiusdem
535 2665 667 2744 generis,
696 2663 870 2724 adiectionis
894 2663 1021 2746 scilieet,
1049 2663 1153 2741 figuris
1178 2666 1311 2724 eiusdem

138 2758 226 2817 uerbi
251 2775 270 2816 α
293 2760 394 2834 primo
422 2763 622 2836 repetitionis,
652 2764 683 2821 in
709 2769 877 2822 extremum
901 2765 1120 2835 conversionis,
1150 2764 1311 2822 incudem

138 2855 233 2915 umbo
267 2857 392 2932 impetus
424 2864 454 2917 et
485 2861 700 2938 conclusionis,
732 2859 857 2936 liguram
889 2862 972 2935 quod
1002 2863 1033 2919 in
1061 2862 1162 2919 multis
1189 2861 1312 2920 casibus

136 2955 263 3028 ponitur
287 2979 328 3001 =
351 2951 568 3016 metriasmon
596 2955 633 3016 ab
660 2956 767 3016 iisdem
795 2976 868 3036 quas
892 2956 979 3017 modo
1003 2958 1174 3016 enumeravi
1198 2957 1311 3036 liguris,

140 3051 264 3127 figuram
288 3056 415 3128 paulum
445 3056 631 3115 immutatum
659 3057 784 3116 uerbum
812 3063 903 3132 ntpue
928 3059 1078 3132 deflexum
1103 3081 1144 3102 =
1168 3071 1311 3133 nupero-

116 3145 263 3226 ,poetar
290 3148 326 3208 ab
355 3150 488 3211 eiusdem
517 3155 636 3230 generis
660 3154 764 3232 liguris
787 3172 866 3230 quoe
888 3156 1027 3216 similiter
1051 3155 1204 3225 desinunt,
1233 3169 1312 3226 pune

139 3247 257 3305 endunt
286 3249 439 3332 similiter,
470 3267 550 3325 pune
579 3255 709 3330 poribus
738 3255 832 3330 pario
864 3251 1044 3327 referuntur
1074 3259 1104 3312 et
1131 3258 1239 3311 cetera.
1268 3282 1311 3292 -

139 3341 254 3402 Horum
286 3352 384 3405 autem
409 3349 577 3428 'ultriusque
610 3351 754 3411 rationem
787 3349 897 3426 figuras
930 3347 1092 3408 collocandi
1124 3365 1312 3428 comparasse

139 3457 209 3500 cum
232 3438 342 3500 Rutilio
370 3441 436 3503 ideo
464 3443 541 3505 baud
571 3447 705 3525 ineptum
733 3445 846 3527 iudico,
875 3445 953 3525 quod
981 3444 1054 3506 baec
1083 3464 1196 3510 mecum
1223 3464 1311 3525 repu-

140 3539 217 3599 tanti
244 3556 279 3598 eo
306 3539 378 3600 mibi
401 3541 514 3602 firmior
539 3544 599 3602 visa
623 3553 669 3603 est
692 3543 853 3604 Drabeimii
876 3545 1034 3622 sententia,
1063 3545 1112 3622 qui
1136 3542 1211 3606 hauc
1235 3561 1311 3622 quiae

139 3645 185 3698 est
209 3654 312 3697 revera
337 3637 434 3718 aliqua
458 3657 493 3699 ex
518 3650 601 3719 parte
625 3642 655 3701 in
679 3643 889 3702 coniunctione
912 3642 1075 3719 figurarum
1096 3640 1309 3719 neglegentiam

139 3735 220 3816 inde,
243 3735 321 3814 quod
345 3735 393 3796 ille
417 3746 512 3798 aetate
537 3746 674 3800 accurate
699 3739 876 3819 disponendi
899 3746 988 3817 atque
1012 3741 1101 3800 etiam
1124 3741 1214 3799 certis
1233 3749 1309 3800 cate·

138 3834 231 3910 goriis
245 3831 445 3912 subiungendi
459 3835 568 3913 figuras
583 3839 659 3896 ratio
674 3840 806 3900 nondum
821 3858 857 3900 ex
869 3857 925 3900 usu
936 3837 1000 3918 luit,
1016 3837 1116 3898 studet
1126 3833 1310 3922 explicare.²)

230 4023 258 4091 1)
285 4018 326 4078 cf.
351 4020 380 4076 in
403 4021 471 4079 edit.
495 4022 548 4080 inc.
573 4027 646 4081 aucb.
670 4027 704 4082 de
728 4029 781 4082 reb.
804 4027 857 4083 dic.
883 4027 920 4082 ad
942 4023 971 4081 C.
992 4026 1055 4082 Hor.
1081 4025 1216 4082 librorum
1234 4027 1273 4083 IV
1294 4047 1311 4082 a

139 4099 282 4157 Friderico
296 4101 403 4158 Merxio
418 4119 443 4159 a.
461 4107 529 4160 1894
543 4107 644 4175 persia
657 4107 875 4178 prolegomenon
889 4105 1008 4176 paginas
1024 4111 1058 4161 84
1064 4139 1087 4145 --
1095 4111 1138 4178 95,
1156 4111 1310 4175 147-1563

140 4183 189 4254 qui
207 4184 250 4239 vir
269 4183 394 4238 eruditus
414 4184 496 4252 plene
513 4202 587 4240 nova
602 4187 755 4256 eademque
771 4187 839 4242 satis
853 4184 995 4256 probabili
1009 4185 1116 4241 ratione
1131 4188 1310 4256 quaestiones

139 4281 213 4333 quae
232 4264 267 4317 sd
286 4262 350 4317 illos
368 4260 455 4318 libros
474 4266 616 4335 pertinent
633 4266 793 4337 persolvere
811 4268 927 4322 conatus
947 4267 997 4322 est.

229 4353 258 4422 2)
276 4351 357 4417 Quod
371 4352 482 4409 Daiolus
501 4355 632 4410 adfirmat
650 4375 677 4426 p.
692 4362 726 4410 38
745 4355 817 4411 hene
835 4357 987 4427 figurarum
1005 4357 1064 4411 sine
1078 4357 1138 4412 ulla
1152 4357 1260 4412 ratione
1276 4376 1310 4412 ex

139 4432 237 4488 ordine
257 4431 480 4506 collocationem,
500 4433 611 4505 qualem
631 4435 660 4490 in
675 4435 774 4490 Rutilii
788 4435 868 4491 libris
884 4435 1004 4492 servetis
1020 4436 1128 4508 statuit,
1147 4437 1308 4510 posteriori-
