<?xml version="1.0" encoding="UTF-8"?>
<!DOCTYPE html PUBLIC "-//W3C//DTD XHTML 1.0 Transitional//EN"
    "http://www.w3.org/TR/xhtml1/DTD/xhtml1-transitional.dtd">
<html xmlns="http://www.w3.org/1999/xhtml" xml:lang="en" lang="en">
 <head>
  <title>
</title>
<meta http-equiv="Content-Type" content="text/html;charset=utf-8" />
  <meta name='ocr-system' content='tesseract 3.04.00' />
  <meta name='ocr-capabilities' content='ocr_page ocr_carea ocr_par ocr_line ocrx_word'/>
</head>
<body>
  <div class='ocr_page' id='page_1' title='image "./quaestionesruti00kriegoog_0032.png"; bbox 0 0 3098 5024; ppageno 0'>
   <div class='ocr_carea' id='block_1_1' title="bbox 626 345 845 411">
    <p class='ocr_par' dir='ltr' id='par_1_1' title="bbox 626 345 845 411">
     <span class='ocr_line' id='line_1_1' title="bbox 626 345 845 411; baseline 0 -20"><span class='ocrx_word' id='word_1_1' title='bbox 626 345 845 411; x_wconf 64' lang='lat'>-25..</span> 
     </span>
    </p>
   </div>
   <div class='ocr_carea' id='block_1_2' title="bbox 138 518 1366 1688">
    <p class='ocr_par' dir='ltr' id='par_1_2' title="bbox 239 518 1320 610">
     <span class='ocr_line' id='line_1_2' title="bbox 239 518 1320 610; baseline -0.003 -21"><span class='ocrx_word' id='word_1_2' title='bbox 239 525 401 590; x_wconf 78' lang='grc' dir='ltr'><strong><em>ἰσόκωλον</em></strong></span> <span class='ocrx_word' id='word_1_3' title='bbox 425 529 492 590; x_wconf 86' lang='lat' dir='ltr'>Rut.</span> <span class='ocrx_word' id='word_1_4' title='bbox 511 527 537 588; x_wconf 95' lang='lat' dir='ltr'>ll</span> <span class='ocrx_word' id='word_1_5' title='bbox 559 524 613 608; x_wconf 77' lang='lat'>153</span> <span class='ocrx_word' id='word_1_6' title='bbox 637 527 672 588; x_wconf 90' lang='lat' dir='ltr'>cl.</span> <span class='ocrx_word' id='word_1_7' title='bbox 692 527 745 606; x_wconf 78' lang='lat' dir='ltr'>Aq.</span> <span class='ocrx_word' id='word_1_8' title='bbox 765 527 847 587; x_wconf 86' lang='lat' dir='ltr'>Rom.</span> <span class='ocrx_word' id='word_1_9' title='bbox 872 545 899 604; x_wconf 93' lang='lat' dir='ltr'>p.</span> <span class='ocrx_word' id='word_1_10' title='bbox 915 523 958 588; x_wconf 87' lang='grc'>30</span> <span class='ocrx_word' id='word_1_11' title='bbox 978 520 1076 610; x_wconf 86' lang='lat' dir='ltr'>(Mart.</span> <span class='ocrx_word' id='word_1_12' title='bbox 1096 525 1164 605; x_wconf 85' lang='lat' dir='ltr'>Cap.</span> <span class='ocrx_word' id='word_1_13' title='bbox 1189 545 1216 604; x_wconf 88' lang='lat' dir='ltr'>p.</span> <span class='ocrx_word' id='word_1_14' title='bbox 1231 518 1320 608; x_wconf 83' lang='lat'>480).</span> 
     </span>
    </p>

    <p class='ocr_par' dir='ltr' id='par_1_3' title="bbox 138 619 1320 805">
     <span class='ocr_line' id='line_1_3' title="bbox 239 619 1320 706; baseline -0.004 -18"><span class='ocrx_word' id='word_1_15' title='bbox 239 622 415 688; x_wconf 72' lang='grc' dir='ltr'><strong><em>ἀντίθετον</em></strong></span> <span class='ocrx_word' id='word_1_16' title='bbox 439 627 507 687; x_wconf 86' lang='lat' dir='ltr'>Rut.</span> <span class='ocrx_word' id='word_1_17' title='bbox 527 622 624 706; x_wconf 79' lang='lat'><em>11163</em></span> <span class='ocrx_word' id='word_1_18' title='bbox 647 626 684 686; x_wconf 84' lang='lat' dir='ltr'>ci.</span> <span class='ocrx_word' id='word_1_19' title='bbox 703 626 755 704; x_wconf 78' lang='lat' dir='ltr'>lq.</span> <span class='ocrx_word' id='word_1_20' title='bbox 775 625 858 685; x_wconf 86' lang='lat' dir='ltr'>Rom.</span> <span class='ocrx_word' id='word_1_21' title='bbox 878 645 905 705; x_wconf 89' lang='lat' dir='ltr'>p.</span> <span class='ocrx_word' id='word_1_22' title='bbox 920 622 963 686; x_wconf 90' lang='grc'>29</span> <span class='ocrx_word' id='word_1_23' title='bbox 984 624 1082 706; x_wconf 74' lang='lat' dir='ltr'>(Mart.</span> <span class='ocrx_word' id='word_1_24' title='bbox 1102 624 1169 703; x_wconf 83' lang='lat' dir='ltr'>Cap.</span> <span class='ocrx_word' id='word_1_25' title='bbox 1189 643 1216 702; x_wconf 90' lang='lat' dir='ltr'>p.</span> <span class='ocrx_word' id='word_1_26' title='bbox 1231 619 1320 705; x_wconf 82' lang='grc'>480),</span> 
     </span>
     <span class='ocr_line' id='line_1_4' title="bbox 138 721 363 805; baseline -0.004 -19"><span class='ocrx_word' id='word_1_27' title='bbox 138 724 217 787; x_wconf 83' lang='lat' dir='ltr'>Isid.</span> <span class='ocrx_word' id='word_1_28' title='bbox 242 745 270 805; x_wconf 87' lang='lat' dir='ltr'>p.</span> <span class='ocrx_word' id='word_1_29' title='bbox 289 721 363 786; x_wconf 88' lang='grc'>518.</span> 
     </span>
    </p>

    <p class='ocr_par' dir='ltr' id='par_1_4' title="bbox 141 813 1322 1004">
     <span class='ocr_line' id='line_1_5' title="bbox 239 813 1322 903; baseline -0.005 -19"><span class='ocrx_word' id='word_1_30' title='bbox 239 818 398 903; x_wconf 80' lang='grc' dir='ltr'><strong><em>ἐτιτροτιή</em></strong></span> <span class='ocrx_word' id='word_1_31' title='bbox 422 819 610 902; x_wconf 79' lang='lat' dir='ltr'>Rut.1117;</span> <span class='ocrx_word' id='word_1_32' title='bbox 638 822 675 882; x_wconf 83' lang='lat' dir='ltr'>oi.</span> <span class='ocrx_word' id='word_1_33' title='bbox 699 821 752 882; x_wconf 94' lang='lat' dir='ltr'>lul.</span> <span class='ocrx_word' id='word_1_34' title='bbox 772 821 838 884; x_wconf 85' lang='lat' dir='ltr'>liui.</span> <span class='ocrx_word' id='word_1_35' title='bbox 863 841 890 900; x_wconf 91' lang='lat' dir='ltr'>p.</span> <span class='ocrx_word' id='word_1_36' title='bbox 908 818 967 902; x_wconf 84' lang='grc'>45,</span> <span class='ocrx_word' id='word_1_37' title='bbox 996 821 1063 882; x_wconf 89' lang='lat' dir='ltr'>isid.</span> <span class='ocrx_word' id='word_1_38' title='bbox 1087 840 1115 899; x_wconf 90' lang='lat' dir='ltr'>p.</span> <span class='ocrx_word' id='word_1_39' title='bbox 1134 816 1200 882; x_wconf 95' lang='grc'>520</span> <span class='ocrx_word' id='word_1_40' title='bbox 1229 813 1322 903; x_wconf 85' lang='lat' dir='ltr'>(inter</span> 
     </span>
     <span class='ocr_line' id='line_1_6' title="bbox 141 914 380 1004; baseline 0 -22"><span class='ocrx_word' id='word_1_41' title='bbox 141 921 259 982; x_wconf 85' lang='lat' dir='ltr'>schem.</span> <span class='ocrx_word' id='word_1_42' title='bbox 279 914 380 1004; x_wconf 82' lang='lat' dir='ltr'>diam).</span> 
     </span>
    </p>

    <p class='ocr_par' dir='ltr' id='par_1_5' title="bbox 141 1010 1366 1197">
     <span class='ocr_line' id='line_1_7' title="bbox 238 1010 1366 1100; baseline -0.003 -22"><span class='ocrx_word' id='word_1_43' title='bbox 238 1018 404 1099; x_wconf 78' lang='grc' dir='ltr'><em>παρρησία</em></span> <span class='ocrx_word' id='word_1_44' title='bbox 427 1021 496 1080; x_wconf 88' lang='lat' dir='ltr'>Rut.</span> <span class='ocrx_word' id='word_1_45' title='bbox 514 1019 540 1079; x_wconf 95' lang='lat' dir='ltr'>ll</span> <span class='ocrx_word' id='word_1_46' title='bbox 561 1017 615 1099; x_wconf 77' lang='lat'>183</span> <span class='ocrx_word' id='word_1_47' title='bbox 643 1018 679 1080; x_wconf 90' lang='lat' dir='ltr'>ci.</span> <span class='ocrx_word' id='word_1_48' title='bbox 704 1017 756 1078; x_wconf 91' lang='lat' dir='ltr'>lul.</span> <span class='ocrx_word' id='word_1_49' title='bbox 777 1018 843 1078; x_wconf 86' lang='lat' dir='ltr'>Rui.</span> <span class='ocrx_word' id='word_1_50' title='bbox 866 1037 894 1096; x_wconf 94' lang='lat' dir='ltr'>p.</span> <span class='ocrx_word' id='word_1_51' title='bbox 913 1015 973 1100; x_wconf 86' lang='grc'>46,</span> <span class='ocrx_word' id='word_1_52' title='bbox 1000 1017 1067 1078; x_wconf 90' lang='lat' dir='ltr'>lsid.</span> <span class='ocrx_word' id='word_1_53' title='bbox 1092 1035 1119 1095; x_wconf 96' lang='lat' dir='ltr'>p.</span> <span class='ocrx_word' id='word_1_54' title='bbox 1140 1014 1204 1078; x_wconf 93' lang='grc'>520</span> <span class='ocrx_word' id='word_1_55' title='bbox 1228 1010 1322 1100; x_wconf 86' lang='lat' dir='ltr'>(inter</span> <span class='ocrx_word' id='word_1_56' title='bbox 1363 1092 1366 1096; x_wconf 22' lang='grc' dir='ltr'>Ι</span> 
     </span>
     <span class='ocr_line' id='line_1_8' title="bbox 141 1113 377 1197; baseline -0.008 -19"><span class='ocrx_word' id='word_1_57' title='bbox 141 1117 259 1178; x_wconf 83' lang='lat' dir='ltr'>schem.</span> <span class='ocrx_word' id='word_1_58' title='bbox 279 1113 377 1197; x_wconf 83' lang='lat' dir='ltr'>dian).</span> 
     </span>
    </p>

    <p class='ocr_par' dir='ltr' id='par_1_6' title="bbox 141 1210 1321 1394">
     <span class='ocr_line' id='line_1_9' title="bbox 240 1210 1321 1296; baseline -0.001 -19"><span class='ocrx_word' id='word_1_59' title='bbox 240 1212 421 1295; x_wconf 76' lang='grc' dir='ltr'><strong><em>αἰτιολογία</em></strong></span> <span class='ocrx_word' id='word_1_60' title='bbox 445 1215 514 1276; x_wconf 87' lang='lat' dir='ltr'>Rut.</span> <span class='ocrx_word' id='word_1_61' title='bbox 533 1215 559 1276; x_wconf 96' lang='lat' dir='ltr'>ll</span> <span class='ocrx_word' id='word_1_62' title='bbox 581 1212 635 1296; x_wconf 82' lang='lat'>193</span> <span class='ocrx_word' id='word_1_63' title='bbox 663 1217 699 1278; x_wconf 88' lang='lat' dir='ltr'>cl.</span> <span class='ocrx_word' id='word_1_64' title='bbox 724 1224 800 1277; x_wconf 90' lang='lat' dir='ltr'>auct.</span> <span class='ocrx_word' id='word_1_65' title='bbox 821 1217 877 1276; x_wconf 88' lang='lat' dir='ltr'>inc.</span> <span class='ocrx_word' id='word_1_66' title='bbox 898 1214 1007 1274; x_wconf 80' lang='lat' dir='ltr'>schem.</span> <span class='ocrx_word' id='word_1_67' title='bbox 1028 1213 1101 1273; x_wconf 91' lang='lat' dir='ltr'>diav.</span> <span class='ocrx_word' id='word_1_68' title='bbox 1126 1232 1153 1292; x_wconf 93' lang='lat' dir='ltr'>p.</span> <span class='ocrx_word' id='word_1_69' title='bbox 1175 1210 1229 1294; x_wconf 86' lang='grc'>73,</span> <span class='ocrx_word' id='word_1_70' title='bbox 1253 1212 1321 1276; x_wconf 90' lang='lat' dir='ltr'>lsid.</span> 
     </span>
     <span class='ocr_line' id='line_1_10' title="bbox 141 1309 1033 1394; baseline -0.006 -18"><span class='ocrx_word' id='word_1_71' title='bbox 141 1334 174 1394; x_wconf 90' lang='lat' dir='ltr'>p.</span> <span class='ocrx_word' id='word_1_72' title='bbox 197 1309 275 1394; x_wconf 85' lang='grc'>521,</span> <span class='ocrx_word' id='word_1_73' title='bbox 299 1314 375 1392; x_wconf 91' lang='lat' dir='ltr'>apud</span> <span class='ocrx_word' id='word_1_74' title='bbox 400 1321 561 1394; x_wconf 90' lang='lat' dir='ltr'>utrumque</span> <span class='ocrx_word' id='word_1_75' title='bbox 585 1316 663 1374; x_wconf 90' lang='lat' dir='ltr'>inter</span> <span class='ocrx_word' id='word_1_76' title='bbox 687 1314 796 1375; x_wconf 87' lang='lat' dir='ltr'>schem.</span> <span class='ocrx_word' id='word_1_77' title='bbox 821 1314 969 1375; x_wconf 89' lang='lat' dir='ltr'>dianoeas.</span> <span class='ocrx_word' id='word_1_78' title='bbox 992 1345 1033 1354; x_wconf 85' lang='lat'>-</span> 
     </span>
    </p>

    <p class='ocr_par' dir='ltr' id='par_1_7' title="bbox 141 1409 1323 1688">
     <span class='ocr_line' id='line_1_11' title="bbox 239 1409 1321 1494; baseline -0.001 -23"><span class='ocrx_word' id='word_1_79' title='bbox 239 1411 315 1472; x_wconf 87' lang='lat' dir='ltr'>Tum</span> <span class='ocrx_word' id='word_1_80' title='bbox 343 1412 541 1491; x_wconf 89' lang='lat' dir='ltr'>complurium</span> <span class='ocrx_word' id='word_1_81' title='bbox 566 1413 741 1494; x_wconf 83' lang='lat' dir='ltr'>figurarum,</span> <span class='ocrx_word' id='word_1_82' title='bbox 770 1430 895 1492; x_wconf 90' lang='lat' dir='ltr'>quarum</span> <span class='ocrx_word' id='word_1_83' title='bbox 921 1411 1040 1490; x_wconf 87' lang='lat' dir='ltr'>quidem</span> <span class='ocrx_word' id='word_1_84' title='bbox 1064 1409 1220 1470; x_wconf 88' lang='lat' dir='ltr'>nonnullas</span> <span class='ocrx_word' id='word_1_85' title='bbox 1244 1409 1321 1488; x_wconf 91' lang='lat' dir='ltr'>apud</span> 
     </span>
     <span class='ocr_line' id='line_1_12' title="bbox 142 1507 1323 1590; baseline -0.003 -20"><span class='ocrx_word' id='word_1_86' title='bbox 142 1515 317 1570; x_wconf 92' lang='lat' dir='ltr'>ceterorum</span> <span class='ocrx_word' id='word_1_87' title='bbox 347 1509 500 1570; x_wconf 83' lang='lat' dir='ltr'>rhetorum</span> <span class='ocrx_word' id='word_1_88' title='bbox 529 1508 686 1589; x_wconf 86' lang='lat' dir='ltr'>plerosque</span> <span class='ocrx_word' id='word_1_89' title='bbox 713 1510 816 1571; x_wconf 90' lang='lat' dir='ltr'>eodem</span> <span class='ocrx_word' id='word_1_90' title='bbox 841 1528 945 1590; x_wconf 79' lang='lat' dir='ltr'>seusu,</span> <span class='ocrx_word' id='word_1_91' title='bbox 974 1507 1024 1568; x_wconf 91' lang='lat' dir='ltr'>sed</span> <span class='ocrx_word' id='word_1_92' title='bbox 1050 1507 1105 1568; x_wconf 93' lang='lat' dir='ltr'>alio</span> <span class='ocrx_word' id='word_1_93' title='bbox 1130 1509 1248 1567; x_wconf 91' lang='lat' dir='ltr'>nomine</span> <span class='ocrx_word' id='word_1_94' title='bbox 1272 1526 1323 1567; x_wconf 85' lang='lat' dir='ltr'>ex·</span> 
     </span>
     <span class='ocr_line' id='line_1_13' title="bbox 141 1605 1321 1688; baseline -0.002 -22"><span class='ocrx_word' id='word_1_95' title='bbox 141 1614 229 1672; x_wconf 83' lang='lat' dir='ltr'>stare</span> <span class='ocrx_word' id='word_1_96' title='bbox 248 1625 337 1686; x_wconf 91' lang='lat' dir='ltr'>supra</span> <span class='ocrx_word' id='word_1_97' title='bbox 357 1607 565 1688; x_wconf 85' lang='lat' dir='ltr'>demonstravi,</span> <span class='ocrx_word' id='word_1_98' title='bbox 584 1608 660 1686; x_wconf 90' lang='lat' dir='ltr'>apud</span> <span class='ocrx_word' id='word_1_99' title='bbox 677 1609 820 1687; x_wconf 89' lang='lat' dir='ltr'>quosdam</span> <span class='ocrx_word' id='word_1_100' title='bbox 836 1608 972 1668; x_wconf 74' lang='lat' dir='ltr'>rhetores</span> <span class='ocrx_word' id='word_1_101' title='bbox 987 1607 1104 1666; x_wconf 87' lang='lat' dir='ltr'>uomina</span> <span class='ocrx_word' id='word_1_102' title='bbox 1119 1605 1205 1684; x_wconf 91' lang='lat' dir='ltr'>plane</span> <span class='ocrx_word' id='word_1_103' title='bbox 1221 1605 1321 1666; x_wconf 89' lang='lat' dir='ltr'>eadem</span> 
     </span>
    </p>
   </div>
   <div class='ocr_carea' id='block_1_3' title="bbox 141 1797 1323 2474">
    <p class='ocr_par' dir='ltr' id='par_1_8' title="bbox 143 1797 1323 2080">
     <span class='ocr_line' id='line_1_14' title="bbox 239 1797 1323 1885; baseline -0.004 -22"><span class='ocrx_word' id='word_1_104' title='bbox 239 1800 484 1884; x_wconf 80' lang='grc' dir='ltr'><strong><em>προσαπόδοσις</em></strong></span> <span class='ocrx_word' id='word_1_105' title='bbox 499 1803 566 1864; x_wconf 86' lang='lat' dir='ltr'>Rut.</span> <span class='ocrx_word' id='word_1_106' title='bbox 582 1803 594 1863; x_wconf 95' lang='lat' dir='ltr'>l</span> <span class='ocrx_word' id='word_1_107' title='bbox 611 1801 643 1885; x_wconf 82' lang='lat'>13</span> <span class='ocrx_word' id='word_1_108' title='bbox 663 1805 742 1884; x_wconf 91' lang='lat' dir='ltr'>quod</span> <span class='ocrx_word' id='word_1_109' title='bbox 762 1805 839 1864; x_wconf 92' lang='lat' dir='ltr'>idem</span> <span class='ocrx_word' id='word_1_110' title='bbox 859 1822 966 1864; x_wconf 91' lang='lat' dir='ltr'>nomeu</span> <span class='ocrx_word' id='word_1_111' title='bbox 984 1802 1060 1882; x_wconf 92' lang='lat' dir='ltr'>apud</span> <span class='ocrx_word' id='word_1_112' title='bbox 1077 1801 1128 1880; x_wconf 71' lang='lat' dir='ltr'>riq.</span> <span class='ocrx_word' id='word_1_113' title='bbox 1143 1801 1225 1860; x_wconf 86' lang='lat' dir='ltr'>Rom.</span> <span class='ocrx_word' id='word_1_114' title='bbox 1240 1820 1268 1880; x_wconf 94' lang='lat' dir='ltr'>p.</span> <span class='ocrx_word' id='word_1_115' title='bbox 1280 1797 1323 1860; x_wconf 86' lang='grc'>32</span> 
     </span>
     <span class='ocr_line' id='line_1_15' title="bbox 144 1893 1322 1984; baseline -0.003 -22"><span class='ocrx_word' id='word_1_116' title='bbox 144 1895 203 1984; x_wconf 88' lang='lat' dir='ltr'>(cl.</span> <span class='ocrx_word' id='word_1_117' title='bbox 226 1900 310 1962; x_wconf 87' lang='lat' dir='ltr'>Mart.</span> <span class='ocrx_word' id='word_1_118' title='bbox 331 1901 399 1980; x_wconf 90' lang='lat' dir='ltr'>Cap.</span> <span class='ocrx_word' id='word_1_119' title='bbox 423 1920 451 1980; x_wconf 94' lang='lat' dir='ltr'>p.</span> <span class='ocrx_word' id='word_1_120' title='bbox 469 1893 551 1983; x_wconf 78' lang='lat'>481)</span> <span class='ocrx_word' id='word_1_121' title='bbox 575 1902 696 1983; x_wconf 83' lang='lat' dir='ltr'>legitur,</span> <span class='ocrx_word' id='word_1_122' title='bbox 725 1922 758 1963; x_wconf 90' lang='lat' dir='ltr'>oa</span> <span class='ocrx_word' id='word_1_123' title='bbox 783 1911 881 1963; x_wconf 90' lang='lat' dir='ltr'>tamen</span> <span class='ocrx_word' id='word_1_124' title='bbox 905 1903 1039 1982; x_wconf 83' lang='lat' dir='ltr'>notione,</span> <span class='ocrx_word' id='word_1_125' title='bbox 1068 1908 1101 1960; x_wconf 88' lang='lat' dir='ltr'>ut</span> <span class='ocrx_word' id='word_1_126' title='bbox 1124 1898 1226 1959; x_wconf 89' lang='lat' dir='ltr'>eadem</span> <span class='ocrx_word' id='word_1_127' title='bbox 1249 1898 1322 1958; x_wconf 92' lang='lat' dir='ltr'>haec</span> 
     </span>
     <span class='ocr_line' id='line_1_16' title="bbox 143 1991 1323 2080; baseline -0.003 -21"><span class='ocrx_word' id='word_1_128' title='bbox 143 2002 189 2060; x_wconf 85' lang='lat' dir='ltr'>sit</span> <span class='ocrx_word' id='word_1_129' title='bbox 212 2001 306 2078; x_wconf 84' lang='lat' dir='ltr'>ligura</span> <span class='ocrx_word' id='word_1_130' title='bbox 328 2006 416 2077; x_wconf 88' lang='lat' dir='ltr'>atque</span> <span class='ocrx_word' id='word_1_131' title='bbox 435 1992 701 2073; x_wconf 79' lang='grc' dir='ltr'><strong><em>ἐπαναδίπλωσις</em></strong></span> <span class='ocrx_word' id='word_1_132' title='bbox 721 2001 798 2080; x_wconf 90' lang='lat' dir='ltr'>apud</span> <span class='ocrx_word' id='word_1_133' title='bbox 818 1999 947 2060; x_wconf 77' lang='lat' dir='ltr'>Psliul.</span> <span class='ocrx_word' id='word_1_134' title='bbox 960 1999 1003 2058; x_wconf 65' lang='lat' dir='ltr'>,de</span> <span class='ocrx_word' id='word_1_135' title='bbox 1019 1997 1132 2058; x_wconf 88' lang='lat' dir='ltr'>schem.</span> <span class='ocrx_word' id='word_1_136' title='bbox 1152 1995 1207 2056; x_wconf 86' lang='lat' dir='ltr'>lex.</span> <span class='ocrx_word' id='word_1_137' title='bbox 1227 2015 1255 2074; x_wconf 95' lang='lat' dir='ltr'>p.</span> <span class='ocrx_word' id='word_1_138' title='bbox 1271 1991 1323 2056; x_wconf 89' lang='grc'>50.</span> 
     </span>
    </p>

    <p class='ocr_par' dir='ltr' id='par_1_9' title="bbox 141 2094 1322 2374">
     <span class='ocr_line' id='line_1_17' title="bbox 239 2094 1322 2180; baseline -0.003 -23"><span class='ocrx_word' id='word_1_139' title='bbox 239 2095 489 2177; x_wconf 79' lang='grc' dir='ltr'><strong><em>σνναθροισμός</em></strong></span> <span class='ocrx_word' id='word_1_140' title='bbox 516 2097 583 2158; x_wconf 83' lang='lat' dir='ltr'>liut.</span> <span class='ocrx_word' id='word_1_141' title='bbox 607 2097 620 2158; x_wconf 96' lang='lat' dir='ltr'>l</span> <span class='ocrx_word' id='word_1_142' title='bbox 644 2095 678 2180; x_wconf 81' lang='lat'>23</span> <span class='ocrx_word' id='word_1_143' title='bbox 712 2099 814 2159; x_wconf 91' lang='lat' dir='ltr'>eodem</span> <span class='ocrx_word' id='word_1_144' title='bbox 849 2099 967 2158; x_wconf 91' lang='lat' dir='ltr'>nomine</span> <span class='ocrx_word' id='word_1_145' title='bbox 1000 2103 1103 2158; x_wconf 88' lang='lat' dir='ltr'>auctor</span> <span class='ocrx_word' id='word_1_146' title='bbox 1132 2097 1188 2155; x_wconf 89' lang='lat' dir='ltr'>inc.</span> <span class='ocrx_word' id='word_1_147' title='bbox 1213 2094 1322 2154; x_wconf 89' lang='lat' dir='ltr'>schem.</span> 
     </span>
     <span class='ocr_line' id='line_1_18' title="bbox 142 2189 1321 2276; baseline -0.004 -22"><span class='ocrx_word' id='word_1_148' title='bbox 142 2195 226 2255; x_wconf 87' lang='lat' dir='ltr'>dian.</span> <span class='ocrx_word' id='word_1_149' title='bbox 250 2212 278 2272; x_wconf 94' lang='lat' dir='ltr'>p.</span> <span class='ocrx_word' id='word_1_150' title='bbox 299 2189 341 2254; x_wconf 88' lang='grc'>75</span> <span class='ocrx_word' id='word_1_151' title='bbox 365 2196 469 2274; x_wconf 84' lang='lat' dir='ltr'>utitur,</span> <span class='ocrx_word' id='word_1_152' title='bbox 493 2197 578 2255; x_wconf 81' lang='lat' dir='ltr'>errius</span> <span class='ocrx_word' id='word_1_153' title='bbox 603 2203 700 2256; x_wconf 89' lang='lat' dir='ltr'>tamen</span> <span class='ocrx_word' id='word_1_154' title='bbox 726 2197 820 2274; x_wconf 86' lang='lat' dir='ltr'>figura</span> <span class='ocrx_word' id='word_1_155' title='bbox 843 2197 1097 2276; x_wconf 72' lang='grc' dir='ltr'><strong><em>συναθροισμοῦ</em></strong></span> <span class='ocrx_word' id='word_1_156' title='bbox 1121 2209 1244 2271; x_wconf 87' lang='lat' dir='ltr'>prorsus</span> <span class='ocrx_word' id='word_1_157' title='bbox 1263 2193 1321 2250; x_wconf 89' lang='lat' dir='ltr'>sin-</span> 
     </span>
     <span class='ocr_line' id='line_1_19' title="bbox 141 2287 1002 2374; baseline 0 -22"><span class='ocrx_word' id='word_1_158' title='bbox 141 2292 281 2372; x_wconf 86' lang='lat' dir='ltr'>gularem</span> <span class='ocrx_word' id='word_1_159' title='bbox 305 2291 395 2352; x_wconf 88' lang='lat' dir='ltr'>hahet</span> <span class='ocrx_word' id='word_1_160' title='bbox 417 2294 476 2352; x_wconf 92' lang='lat' dir='ltr'>vim</span> <span class='ocrx_word' id='word_1_161' title='bbox 500 2300 529 2352; x_wconf 91' lang='lat' dir='ltr'>et</span> <span class='ocrx_word' id='word_1_162' title='bbox 553 2311 569 2353; x_wconf 91' lang='lat' dir='ltr'>a</span> <span class='ocrx_word' id='word_1_163' title='bbox 593 2293 695 2355; x_wconf 81' lang='lat' dir='ltr'>Rutilii</span> <span class='ocrx_word' id='word_1_164' title='bbox 719 2295 812 2372; x_wconf 84' lang='lat' dir='ltr'>ligura</span> <span class='ocrx_word' id='word_1_165' title='bbox 836 2287 1002 2374; x_wconf 83' lang='lat' dir='ltr'>alienam.¹)</span> 
     </span>
    </p>

    <p class='ocr_par' dir='ltr' id='par_1_10' title="bbox 240 2385 1323 2474">
     <span class='ocr_line' id='line_1_20' title="bbox 240 2385 1323 2474; baseline -0.005 -23"><span class='ocrx_word' id='word_1_166' title='bbox 240 2385 376 2469; x_wconf 80' lang='grc' dir='ltr'><strong><em>ἐπιβολή</em></strong></span> <span class='ocrx_word' id='word_1_167' title='bbox 396 2389 463 2450; x_wconf 87' lang='lat' dir='ltr'>Rut.</span> <span class='ocrx_word' id='word_1_168' title='bbox 482 2389 528 2451; x_wconf 79' lang='grc'>17</span> <span class='ocrx_word' id='word_1_169' title='bbox 550 2385 630 2472; x_wconf 88' lang='lat' dir='ltr'>(vide</span> <span class='ocrx_word' id='word_1_170' title='bbox 651 2385 769 2474; x_wconf 88' lang='lat' dir='ltr'>supra);</span> <span class='ocrx_word' id='word_1_171' title='bbox 789 2409 876 2470; x_wconf 90' lang='lat' dir='ltr'>quam</span> <span class='ocrx_word' id='word_1_172' title='bbox 897 2390 1031 2451; x_wconf 90' lang='lat' dir='ltr'>eiusdem</span> <span class='ocrx_word' id='word_1_173' title='bbox 1050 2390 1178 2449; x_wconf 89' lang='lat' dir='ltr'>nominis</span> <span class='ocrx_word' id='word_1_174' title='bbox 1197 2387 1323 2466; x_wconf 84' lang='lat' dir='ltr'>figuram</span> 
     </span>
    </p>
   </div>
   <div class='ocr_carea' id='block_1_4' title="bbox 143 2482 1441 3156">
    <p class='ocr_par' dir='ltr' id='par_1_11' title="bbox 143 2482 1322 2666">
     <span class='ocr_line' id='line_1_21' title="bbox 143 2482 1322 2573; baseline -0.004 -23"><span class='ocrx_word' id='word_1_175' title='bbox 143 2483 324 2573; x_wconf 78' lang='grc' dir='ltr'><strong><em>(ἐπιβολήν</em></strong></span> <span class='ocrx_word' id='word_1_176' title='bbox 347 2489 409 2548; x_wconf 81' lang='lat' dir='ltr'>sive</span> <span class='ocrx_word' id='word_1_177' title='bbox 433 2482 637 2572; x_wconf 78' lang='lat' dir='ltr'>iniectionem)</span> <span class='ocrx_word' id='word_1_178' title='bbox 661 2489 713 2569; x_wconf 75' lang='lat' dir='ltr'>tq.</span> <span class='ocrx_word' id='word_1_179' title='bbox 733 2489 816 2550; x_wconf 86' lang='lat' dir='ltr'>Rom.</span> <span class='ocrx_word' id='word_1_180' title='bbox 837 2508 866 2568; x_wconf 92' lang='lat' dir='ltr'>p.</span> <span class='ocrx_word' id='word_1_181' title='bbox 881 2485 923 2552; x_wconf 82' lang='lat'>36</span> <span class='ocrx_word' id='word_1_182' title='bbox 947 2487 1044 2564; x_wconf 89' lang='lat' dir='ltr'>habet,</span> <span class='ocrx_word' id='word_1_183' title='bbox 1068 2487 1144 2547; x_wconf 88' lang='lat' dir='ltr'>hanc</span> <span class='ocrx_word' id='word_1_184' title='bbox 1169 2504 1234 2546; x_wconf 91' lang='lat' dir='ltr'>esse</span> <span class='ocrx_word' id='word_1_185' title='bbox 1259 2504 1322 2564; x_wconf 92' lang='lat' dir='ltr'>spe-</span> 
     </span>
     <span class='ocr_line' id='line_1_22' title="bbox 144 2579 866 2666; baseline 0 -18"><span class='ocrx_word' id='word_1_186' title='bbox 144 2589 228 2648; x_wconf 90' lang='lat' dir='ltr'>ciem</span> <span class='ocrx_word' id='word_1_187' title='bbox 252 2588 337 2665; x_wconf 84' lang='lat' dir='ltr'>quasi</span> <span class='ocrx_word' id='word_1_188' title='bbox 360 2579 603 2666; x_wconf 81' lang='grc' dir='ltr'><strong><em>ὑτιεζενγμίνον</em></strong></span> <span class='ocrx_word' id='word_1_189' title='bbox 627 2589 736 2666; x_wconf 85' lang='lat' dir='ltr'>figuras</span> <span class='ocrx_word' id='word_1_190' title='bbox 759 2595 866 2648; x_wconf 92' lang='lat' dir='ltr'>statuo.</span> 
     </span>
    </p>

    <p class='ocr_par' dir='ltr' id='par_1_12' title="bbox 143 2677 1441 3156">
     <span class='ocr_line' id='line_1_23' title="bbox 241 2677 1324 2768; baseline -0.003 -23"><span class='ocrx_word' id='word_1_191' title='bbox 241 2678 444 2763; x_wconf 80' lang='grc' dir='ltr'><strong><em>ἐπανάληψις</em></strong></span> <span class='ocrx_word' id='word_1_192' title='bbox 465 2683 532 2744; x_wconf 88' lang='lat' dir='ltr'>Rut.</span> <span class='ocrx_word' id='word_1_193' title='bbox 552 2684 565 2745; x_wconf 94' lang='lat' dir='ltr'>l</span> <span class='ocrx_word' id='word_1_194' title='bbox 585 2683 625 2747; x_wconf 87' lang='lat'>11</span> <span class='ocrx_word' id='word_1_195' title='bbox 651 2679 731 2768; x_wconf 88' lang='lat' dir='ltr'>(vide</span> <span class='ocrx_word' id='word_1_196' title='bbox 756 2677 874 2767; x_wconf 87' lang='lat' dir='ltr'>supra);</span> <span class='ocrx_word' id='word_1_197' title='bbox 899 2703 953 2745; x_wconf 90' lang='lat' dir='ltr'>nec</span> <span class='ocrx_word' id='word_1_198' title='bbox 976 2684 1070 2762; x_wconf 84' lang='lat' dir='ltr'>figura</span> <span class='ocrx_word' id='word_1_199' title='bbox 1090 2677 1324 2761; x_wconf 81' lang='grc' dir='ltr'><strong><em>ἐπαναλήψεως</em></strong></span> 
     </span>
     <span class='ocr_line' id='line_1_24' title="bbox 143 2779 1323 2861; baseline -0.004 -18"><span class='ocrx_word' id='word_1_200' title='bbox 143 2781 197 2843; x_wconf 89' lang='lat' dir='ltr'>vel</span> <span class='ocrx_word' id='word_1_201' title='bbox 215 2781 431 2861; x_wconf 79' lang='grc' dir='ltr'><strong><em>ταυτολογίας</em></strong></span> <span class='ocrx_word' id='word_1_202' title='bbox 450 2782 527 2860; x_wconf 89' lang='lat' dir='ltr'>apud</span> <span class='ocrx_word' id='word_1_203' title='bbox 547 2785 604 2843; x_wconf 90' lang='lat' dir='ltr'>inc.</span> <span class='ocrx_word' id='word_1_204' title='bbox 623 2790 699 2844; x_wconf 90' lang='lat' dir='ltr'>auct.</span> <span class='ocrx_word' id='word_1_205' title='bbox 720 2783 829 2843; x_wconf 91' lang='lat' dir='ltr'>schem.</span> <span class='ocrx_word' id='word_1_206' title='bbox 850 2783 926 2844; x_wconf 92' lang='lat' dir='ltr'>dian.</span> <span class='ocrx_word' id='word_1_207' title='bbox 945 2801 974 2860; x_wconf 94' lang='lat' dir='ltr'>p.</span> <span class='ocrx_word' id='word_1_208' title='bbox 990 2779 1040 2861; x_wconf 87' lang='grc'>76,</span> <span class='ocrx_word' id='word_1_209' title='bbox 1062 2799 1136 2859; x_wconf 88' lang='lat' dir='ltr'>quae</span> <span class='ocrx_word' id='word_1_210' title='bbox 1157 2788 1203 2840; x_wconf 90' lang='lat' dir='ltr'>est</span> <span class='ocrx_word' id='word_1_211' title='bbox 1222 2780 1323 2840; x_wconf 90' lang='lat' dir='ltr'>eadem</span> 
     </span>
     <span class='ocr_line' id='line_1_25' title="bbox 143 2873 1441 2961; baseline -0.003 -21"><span class='ocrx_word' id='word_1_212' title='bbox 143 2887 240 2957; x_wconf 89' lang='lat' dir='ltr'>atque</span> <span class='ocrx_word' id='word_1_213' title='bbox 264 2877 423 2956; x_wconf 80' lang='lat' dir='ltr'>tautologia</span> <span class='ocrx_word' id='word_1_214' title='bbox 447 2878 492 2938; x_wconf 88' lang='lat' dir='ltr'>vel</span> <span class='ocrx_word' id='word_1_215' title='bbox 515 2873 718 2961; x_wconf 74' lang='grc' dir='ltr'><strong><em>ἐπανάληψις</em></strong></span> <span class='ocrx_word' id='word_1_216' title='bbox 739 2880 815 2960; x_wconf 90' lang='lat' dir='ltr'>apud</span> <span class='ocrx_word' id='word_1_217' title='bbox 836 2879 936 2950; x_wconf 83' lang='lat' dir='ltr'>Quint.</span> <span class='ocrx_word' id='word_1_218' title='bbox 952 2874 1136 2959; x_wconf 83' lang='lat' dir='ltr'><strong>V11111151‚</strong></span> <span class='ocrx_word' id='word_1_219' title='bbox 1160 2896 1255 2956; x_wconf 89' lang='lat' dir='ltr'>neque</span> <span class='ocrx_word' id='word_1_220' title='bbox 1275 2877 1323 2937; x_wconf 90' lang='lat' dir='ltr'>illa</span> <span class='ocrx_word' id='word_1_221' title='bbox 1439 2946 1441 2950; x_wconf 85' lang='lat'>.</span> 
     </span>
     <span class='ocr_line' id='line_1_26' title="bbox 144 2973 1324 3058; baseline -0.002 -20"><span class='ocrx_word' id='word_1_222' title='bbox 144 2977 229 3056; x_wconf 91' lang='lat' dir='ltr'>apud</span> <span class='ocrx_word' id='word_1_223' title='bbox 252 2976 320 3037; x_wconf 90' lang='lat' dir='ltr'>lsid.</span> <span class='ocrx_word' id='word_1_224' title='bbox 345 2995 372 3055; x_wconf 95' lang='lat' dir='ltr'>p.</span> <span class='ocrx_word' id='word_1_225' title='bbox 392 2973 470 3051; x_wconf 86' lang='grc'>521,</span> <span class='ocrx_word' id='word_1_226' title='bbox 500 2989 574 3057; x_wconf 90' lang='lat' dir='ltr'>quae</span> <span class='ocrx_word' id='word_1_227' title='bbox 603 2979 704 3039; x_wconf 91' lang='lat' dir='ltr'>eadem</span> <span class='ocrx_word' id='word_1_228' title='bbox 732 2987 777 3039; x_wconf 90' lang='lat' dir='ltr'>est</span> <span class='ocrx_word' id='word_1_229' title='bbox 800 2987 888 3058; x_wconf 91' lang='lat' dir='ltr'>atque</span> <span class='ocrx_word' id='word_1_230' title='bbox 913 2975 1040 3058; x_wconf 79' lang='grc' dir='ltr'><strong><em>ἄφοδος</em></strong></span> <span class='ocrx_word' id='word_1_231' title='bbox 1063 2976 1141 3055; x_wconf 92' lang='lat' dir='ltr'>apud</span> <span class='ocrx_word' id='word_1_232' title='bbox 1165 2974 1324 3045; x_wconf 82' lang='lat' dir='ltr'>Quintili</span> 
     </span>
     <span class='ocr_line' id='line_1_27' title="bbox 145 3072 1036 3156; baseline -0.001 -19"><span class='ocrx_word' id='word_1_233' title='bbox 145 3072 267 3156; x_wconf 79' lang='grc'>11187,</span> <span class='ocrx_word' id='word_1_234' title='bbox 291 3076 450 3154; x_wconf 88' lang='lat' dir='ltr'>quicquam</span> <span class='ocrx_word' id='word_1_235' title='bbox 474 3074 584 3136; x_wconf 89' lang='lat' dir='ltr'>hahent</span> <span class='ocrx_word' id='word_1_236' title='bbox 608 3095 676 3137; x_wconf 91' lang='lat' dir='ltr'>cum</span> <span class='ocrx_word' id='word_1_237' title='bbox 699 3077 848 3138; x_wconf 87' lang='lat' dir='ltr'>Rutiliana</span> <span class='ocrx_word' id='word_1_238' title='bbox 872 3093 1036 3138; x_wconf 89' lang='lat' dir='ltr'>commune.</span> 
     </span>
    </p>
   </div>
   <div class='ocr_carea' id='block_1_5' title="bbox 145 3253 1325 4523">
    <p class='ocr_par' dir='ltr' id='par_1_13' title="bbox 145 3253 1325 4523">
     <span class='ocr_line' id='line_1_28' title="bbox 243 3253 1323 3326; baseline 0.001 -19"><span class='ocrx_word' id='word_1_239' title='bbox 243 3256 269 3323; x_wconf 90' lang='lat'>1)</span> <span class='ocrx_word' id='word_1_240' title='bbox 293 3253 354 3308; x_wconf 90' lang='lat' dir='ltr'>Hoc</span> <span class='ocrx_word' id='word_1_241' title='bbox 376 3253 439 3309; x_wconf 94' lang='lat' dir='ltr'>loco</span> <span class='ocrx_word' id='word_1_242' title='bbox 462 3255 556 3310; x_wconf 85' lang='lat' dir='ltr'>facere</span> <span class='ocrx_word' id='word_1_243' title='bbox 578 3273 635 3311; x_wconf 92' lang='lat' dir='ltr'>non</span> <span class='ocrx_word' id='word_1_244' title='bbox 657 3273 771 3326; x_wconf 74' lang='lat' dir='ltr'>possum</span> <span class='ocrx_word' id='word_1_245' title='bbox 793 3256 861 3325; x_wconf 89' lang='lat' dir='ltr'>quin</span> <span class='ocrx_word' id='word_1_246' title='bbox 880 3258 1012 3311; x_wconf 79' lang='lat' dir='ltr'>adversor</span> <span class='ocrx_word' id='word_1_247' title='bbox 1031 3254 1208 3309; x_wconf 83' lang='lat' dir='ltr'>Volkmanno</span> <span class='ocrx_word' id='word_1_248' title='bbox 1228 3273 1255 3324; x_wconf 90' lang='lat' dir='ltr'>p.</span> <span class='ocrx_word' id='word_1_249' title='bbox 1270 3261 1323 3308; x_wconf 80' lang='grc'>473</span> 
     </span>
     <span class='ocr_line' id='line_1_29' title="bbox 145 3332 1323 3406; baseline -0.001 -19"><span class='ocrx_word' id='word_1_250' title='bbox 145 3352 203 3406; x_wconf 85' lang='lat' dir='ltr'>per</span> <span class='ocrx_word' id='word_1_251' title='bbox 218 3349 338 3388; x_wconf 85' lang='lat' dir='ltr'>errorem</span> <span class='ocrx_word' id='word_1_252' title='bbox 354 3332 514 3388; x_wconf 86' lang='lat' dir='ltr'>adfirmanti</span> <span class='ocrx_word' id='word_1_253' title='bbox 529 3335 733 3400; x_wconf 80' lang='lat' dir='ltr'>Quintilianum</span> <span class='ocrx_word' id='word_1_254' title='bbox 748 3335 814 3390; x_wconf 90' lang='lat' dir='ltr'><strong>VIII</strong></span> <span class='ocrx_word' id='word_1_255' title='bbox 828 3356 856 3391; x_wconf 81' lang='lat' dir='ltr'>iv</span> <span class='ocrx_word' id='word_1_256' title='bbox 866 3341 900 3390; x_wconf 78' lang='grc'>22</span> <span class='ocrx_word' id='word_1_257' title='bbox 919 3352 974 3389; x_wconf 93' lang='lat' dir='ltr'>non</span> <span class='ocrx_word' id='word_1_258' title='bbox 990 3336 1078 3389; x_wconf 85' lang='lat' dir='ltr'>solum</span> <span class='ocrx_word' id='word_1_259' title='bbox 1094 3333 1216 3404; x_wconf 88' lang='lat' dir='ltr'>plurium</span> <span class='ocrx_word' id='word_1_260' title='bbox 1232 3351 1323 3389; x_wconf 89' lang='lat' dir='ltr'>rerum</span> 
     </span>
     <span class='ocr_line' id='line_1_30' title="bbox 147 3412 1323 3485; baseline -0.002 -15"><span class='ocrx_word' id='word_1_261' title='bbox 147 3413 325 3482; x_wconf 86' lang='lat' dir='ltr'>congeriem,</span> <span class='ocrx_word' id='word_1_262' title='bbox 349 3413 397 3467; x_wconf 87' lang='lat' dir='ltr'>sed</span> <span class='ocrx_word' id='word_1_263' title='bbox 421 3413 507 3467; x_wconf 85' lang='lat' dir='ltr'>etiam</span> <span class='ocrx_word' id='word_1_264' title='bbox 526 3416 607 3469; x_wconf 87' lang='lat' dir='ltr'>unius</span> <span class='ocrx_word' id='word_1_265' title='bbox 626 3415 667 3469; x_wconf 86' lang='lat' dir='ltr'>rei</span> <span class='ocrx_word' id='word_1_266' title='bbox 685 3413 950 3485; x_wconf 83' lang='lat' dir='ltr'>multiplicationem</span> <span class='ocrx_word' id='word_1_267' title='bbox 969 3412 1181 3483; x_wconf 76' lang='grc' dir='ltr'><strong><em>σοναθροισμόν</em></strong></span> <span class='ocrx_word' id='word_1_268' title='bbox 1200 3428 1323 3468; x_wconf 82' lang='lat' dir='ltr'>vocasse.</span> 
     </span>
     <span class='ocr_line' id='line_1_31' title="bbox 147 3493 1324 3566; baseline -0.002 -18"><span class='ocrx_word' id='word_1_269' title='bbox 147 3496 242 3550; x_wconf 90' lang='lat' dir='ltr'>Immo</span> <span class='ocrx_word' id='word_1_270' title='bbox 259 3493 457 3548; x_wconf 85' lang='lat' dir='ltr'>tantummodo</span> <span class='ocrx_word' id='word_1_271' title='bbox 471 3497 598 3562; x_wconf 79' lang='lat' dir='ltr'>ptortom</span> <span class='ocrx_word' id='word_1_272' title='bbox 616 3512 707 3550; x_wconf 80' lang='lat' dir='ltr'>rerum</span> <span class='ocrx_word' id='word_1_273' title='bbox 725 3497 884 3566; x_wconf 78' lang='lat' dir='ltr'>cooperiam,</span> <span class='ocrx_word' id='word_1_274' title='bbox 902 3510 986 3563; x_wconf 88' lang='lat' dir='ltr'>quam</span> <span class='ocrx_word' id='word_1_275' title='bbox 1005 3493 1041 3547; x_wconf 87' lang='lat' dir='ltr'>ab</span> <span class='ocrx_word' id='word_1_276' title='bbox 1059 3493 1111 3546; x_wconf 84' lang='lat' dir='ltr'>ille.</span> <span class='ocrx_word' id='word_1_277' title='bbox 1129 3493 1220 3548; x_wconf 86' lang='lat' dir='ltr'>altera</span> <span class='ocrx_word' id='word_1_278' title='bbox 1233 3495 1324 3564; x_wconf 85' lang='lat' dir='ltr'>figura</span> 
     </span>
     <span class='ocr_line' id='line_1_32' title="bbox 147 3571 1324 3644; baseline -0.001 -15"><span class='ocrx_word' id='word_1_279' title='bbox 147 3573 266 3629; x_wconf 80' lang='lat' dir='ltr'>disertis</span> <span class='ocrx_word' id='word_1_280' title='bbox 285 3571 377 3628; x_wconf 83' lang='lat' dir='ltr'>verbio</span> <span class='ocrx_word' id='word_1_281' title='bbox 392 3576 507 3642; x_wconf 81' lang='lat' dir='ltr'>separat</span> <span class='ocrx_word' id='word_1_282' title='bbox 523 3574 585 3629; x_wconf 94' lang='lat' dir='ltr'>VIlI</span> <span class='ocrx_word' id='word_1_283' title='bbox 600 3579 686 3641; x_wconf 80' lang='lat' dir='ltr'>1v27,</span> <span class='ocrx_word' id='word_1_284' title='bbox 706 3573 921 3644; x_wconf 73' lang='grc' dir='ltr'><strong><em>σοναθροισμόν</em></strong></span> <span class='ocrx_word' id='word_1_285' title='bbox 936 3572 1127 3641; x_wconf 81' lang='lat' dir='ltr'>Quintilianus</span> <span class='ocrx_word' id='word_1_286' title='bbox 1142 3572 1219 3641; x_wconf 87' lang='lat' dir='ltr'>dicit,</span> <span class='ocrx_word' id='word_1_287' title='bbox 1239 3576 1324 3628; x_wconf 82' lang='lat' dir='ltr'>unius</span> 
     </span>
     <span class='ocr_line' id='line_1_33' title="bbox 147 3652 1323 3724; baseline -0.003 -14"><span class='ocrx_word' id='word_1_288' title='bbox 147 3657 195 3710; x_wconf 75' lang='lat' dir='ltr'>rei</span> <span class='ocrx_word' id='word_1_289' title='bbox 216 3654 470 3724; x_wconf 68' lang='lat' dir='ltr'>multiplicationem</span> <span class='ocrx_word' id='word_1_290' title='bbox 493 3670 593 3724; x_wconf 84' lang='lat' dir='ltr'>graece</span> <span class='ocrx_word' id='word_1_291' title='bbox 617 3654 730 3708; x_wconf 92' lang='lat' dir='ltr'>omnino</span> <span class='ocrx_word' id='word_1_292' title='bbox 753 3670 809 3708; x_wconf 93' lang='lat' dir='ltr'>non</span> <span class='ocrx_word' id='word_1_293' title='bbox 832 3654 971 3724; x_wconf 82' lang='lat' dir='ltr'>appellat3</span> <span class='ocrx_word' id='word_1_294' title='bbox 995 3653 1028 3707; x_wconf 81' lang='lat' dir='ltr'>ci,</span> <span class='ocrx_word' id='word_1_295' title='bbox 1054 3652 1128 3722; x_wconf 84' lang='lat' dir='ltr'>apud</span> <span class='ocrx_word' id='word_1_296' title='bbox 1149 3653 1267 3707; x_wconf 89' lang='lat' dir='ltr'>eundem</span> <span class='ocrx_word' id='word_1_297' title='bbox 1285 3653 1323 3706; x_wconf 88' lang='lat' dir='ltr'>IX</span> 
     </span>
     <span class='ocr_line' id='line_1_34' title="bbox 146 3734 1324 3806; baseline -0.001 -17"><span class='ocrx_word' id='word_1_298' title='bbox 146 3739 249 3789; x_wconf 79' lang='lat'>11146:</span> <span class='ocrx_word' id='word_1_299' title='bbox 273 3740 472 3804; x_wconf 75' lang='lat' dir='ltr'>conprepontur</span> <span class='ocrx_word' id='word_1_300' title='bbox 494 3751 597 3804; x_wconf 76' lang='lat' dir='ltr'>quoque</span> <span class='ocrx_word' id='word_1_301' title='bbox 620 3735 701 3788; x_wconf 81' lang='lat' dir='ltr'>certa</span> <span class='ocrx_word' id='word_1_302' title='bbox 725 3736 795 3788; x_wconf 82' lang='lat' dir='ltr'>idem</span> <span class='ocrx_word' id='word_1_303' title='bbox 816 3736 1005 3806; x_wconf 72' lang='lat' dir='ltr'>aipna&#39;pteoota&#39;a</span> <span class='ocrx_word' id='word_1_304' title='bbox 1028 3735 1054 3803; x_wconf 67' lang='grc' dir='ltr'>(ἕ</span> <span class='ocrx_word' id='word_1_305' title='bbox 1068 3738 1115 3787; x_wconf 79' lang='lat'>46:</span> <span class='ocrx_word' id='word_1_306' title='bbox 1138 3734 1186 3788; x_wconf 80' lang='lat' dir='ltr'>hoc</span> <span class='ocrx_word' id='word_1_307' title='bbox 1206 3734 1324 3788; x_wconf 78' lang='lat' dir='ltr'>Caecilio</span> 
     </span>
     <span class='ocr_line' id='line_1_35' title="bbox 147 3811 1324 3884; baseline -0.001 -15"><span class='ocrx_word' id='word_1_308' title='bbox 147 3811 327 3882; x_wconf 80' lang='grc' dir='ltr'><strong><em>πλεονασμός</em></strong></span> <span class='ocrx_word' id='word_1_309' title='bbox 349 3815 458 3868; x_wconf 75' lang='lat' dir='ltr'>videtur</span> <span class='ocrx_word' id='word_1_310' title='bbox 472 3857 478 3868; x_wconf 93' lang='lat'>.</span> <span class='ocrx_word' id='word_1_311' title='bbox 490 3859 495 3868; x_wconf 94' lang='lat'>.</span> <span class='ocrx_word' id='word_1_312' title='bbox 507 3816 527 3884; x_wconf 91' lang='lat'>.)</span> <span class='ocrx_word' id='word_1_313' title='bbox 546 3841 578 3860; x_wconf 91' lang='lat'>=</span> <span class='ocrx_word' id='word_1_314' title='bbox 598 3815 682 3868; x_wconf 75' lang='lat' dir='ltr'>onice</span> <span class='ocrx_word' id='word_1_315' title='bbox 704 3815 746 3869; x_wconf 76' lang='lat' dir='ltr'>rei</span> <span class='ocrx_word' id='word_1_316' title='bbox 768 3813 963 3883; x_wconf 80' lang='lat' dir='ltr'>multiplicatio</span> <span class='ocrx_word' id='word_1_317' title='bbox 987 3815 1017 3867; x_wconf 86' lang='lat' dir='ltr'>et</span> <span class='ocrx_word' id='word_1_318' title='bbox 1039 3819 1116 3879; x_wconf 74' lang='lat'>§482</span> <span class='ocrx_word' id='word_1_319' title='bbox 1140 3821 1324 3882; x_wconf 77' lang='lat' dir='ltr'>cooperantur</span> 
     </span>
     <span class='ocr_line' id='line_1_36' title="bbox 147 3891 1325 3964; baseline -0.003 -13"><span class='ocrx_word' id='word_1_320' title='bbox 147 3901 177 3951; x_wconf 86' lang='lat' dir='ltr'>ct</span> <span class='ocrx_word' id='word_1_321' title='bbox 201 3894 309 3949; x_wconf 77' lang='lat' dir='ltr'>diversa</span> <span class='ocrx_word' id='word_1_322' title='bbox 333 3917 366 3938; x_wconf 88' lang='lat'><em>=</em></span> <span class='ocrx_word' id='word_1_323' title='bbox 387 3895 515 3962; x_wconf 80' lang='lat' dir='ltr'>pluriam</span> <span class='ocrx_word' id='word_1_324' title='bbox 537 3910 628 3949; x_wconf 79' lang='lat' dir='ltr'>rerum</span> <span class='ocrx_word' id='word_1_325' title='bbox 651 3895 786 3962; x_wconf 74' lang='lat' dir='ltr'>cooperies</span> <span class='ocrx_word' id='word_1_326' title='bbox 804 3894 850 3948; x_wconf 84' lang='lat' dir='ltr'>vel</span> <span class='ocrx_word' id='word_1_327' title='bbox 870 3891 1089 3964; x_wconf 72' lang='grc' dir='ltr'><strong><em>σοναθροισμός.</em></strong></span> <span class='ocrx_word' id='word_1_328' title='bbox 1126 3892 1167 3947; x_wconf 85' lang='lat' dir='ltr'>Ac</span> <span class='ocrx_word' id='word_1_329' title='bbox 1186 3893 1325 3948; x_wconf 86' lang='lat' dir='ltr'>consentit</span> 
     </span>
     <span class='ocr_line' id='line_1_37' title="bbox 149 3971 1323 4043; baseline 0.001 -17"><span class='ocrx_word' id='word_1_330' title='bbox 149 3971 344 4042; x_wconf 83' lang='lat' dir='ltr'>Quintilianus</span> <span class='ocrx_word' id='word_1_331' title='bbox 356 3989 416 4027; x_wconf 90' lang='lat' dir='ltr'>cum</span> <span class='ocrx_word' id='word_1_332' title='bbox 428 3972 544 4042; x_wconf 86' lang='lat' dir='ltr'>Rutilio,</span> <span class='ocrx_word' id='word_1_333' title='bbox 556 3974 604 4042; x_wconf 90' lang='lat' dir='ltr'>qui</span> <span class='ocrx_word' id='word_1_334' title='bbox 613 3972 683 4028; x_wconf 90' lang='lat' dir='ltr'>item</span> <span class='ocrx_word' id='word_1_335' title='bbox 691 3974 797 4028; x_wconf 84' lang='lat' dir='ltr'>-vide</span> <span class='ocrx_word' id='word_1_336' title='bbox 808 3971 1190 4043; x_wconf 69' lang='lat' dir='ltr'>exempla—oovctpotoprio</span> <span class='ocrx_word' id='word_1_337' title='bbox 1201 3973 1323 4027; x_wconf 86' lang='lat' dir='ltr'>tantum·</span> 
     </span>
     <span class='ocr_line' id='line_1_38' title="bbox 148 4052 1324 4123; baseline -0.002 -14"><span class='ocrx_word' id='word_1_338' title='bbox 148 4055 238 4110; x_wconf 89' lang='lat' dir='ltr'>modo</span> <span class='ocrx_word' id='word_1_339' title='bbox 256 4052 379 4122; x_wconf 81' lang='lat' dir='ltr'>plurium</span> <span class='ocrx_word' id='word_1_340' title='bbox 398 4069 490 4108; x_wconf 83' lang='lat' dir='ltr'>rerum</span> <span class='ocrx_word' id='word_1_341' title='bbox 510 4053 671 4123; x_wconf 81' lang='lat' dir='ltr'>congeriem</span> <span class='ocrx_word' id='word_1_342' title='bbox 690 4070 750 4109; x_wconf 87' lang='lat' dir='ltr'>osse</span> <span class='ocrx_word' id='word_1_343' title='bbox 768 4052 871 4108; x_wconf 85' lang='lat' dir='ltr'>voluit:</span> <span class='ocrx_word' id='word_1_344' title='bbox 890 4053 963 4108; x_wconf 89' lang='lat' dir='ltr'>hanc</span> <span class='ocrx_word' id='word_1_345' title='bbox 982 4054 1095 4122; x_wconf 88' lang='lat' dir='ltr'>quidem</span> <span class='ocrx_word' id='word_1_346' title='bbox 1114 4054 1233 4122; x_wconf 83' lang='lat' dir='ltr'>liguram</span> <span class='ocrx_word' id='word_1_347' title='bbox 1249 4054 1324 4122; x_wconf 86' lang='lat' dir='ltr'>apud</span> 
     </span>
     <span class='ocr_line' id='line_1_39' title="bbox 148 4131 1324 4202; baseline -0.003 -11"><span class='ocrx_word' id='word_1_348' title='bbox 148 4136 261 4191; x_wconf 81' lang='lat' dir='ltr'>ceteros</span> <span class='ocrx_word' id='word_1_349' title='bbox 285 4131 390 4187; x_wconf 84' lang='lat' dir='ltr'>latinos</span> <span class='ocrx_word' id='word_1_350' title='bbox 407 4131 533 4187; x_wconf 80' lang='lat' dir='ltr'>rhetores</span> <span class='ocrx_word' id='word_1_351' title='bbox 551 4134 665 4202; x_wconf 80' lang='lat' dir='ltr'>praeter</span> <span class='ocrx_word' id='word_1_352' title='bbox 683 4135 756 4188; x_wconf 90' lang='lat' dir='ltr'>auct.</span> <span class='ocrx_word' id='word_1_353' title='bbox 776 4132 829 4188; x_wconf 93' lang='lat' dir='ltr'>inc.</span> <span class='ocrx_word' id='word_1_354' title='bbox 851 4150 933 4188; x_wconf 82' lang='lat' dir='ltr'>carm.</span> <span class='ocrx_word' id='word_1_355' title='bbox 954 4133 988 4187; x_wconf 86' lang='lat' dir='ltr'>da</span> <span class='ocrx_word' id='word_1_356' title='bbox 1006 4133 1052 4201; x_wconf 81' lang='lat' dir='ltr'>lig.</span> <span class='ocrx_word' id='word_1_357' title='bbox 1073 4152 1098 4187; x_wconf 91' lang='lat' dir='ltr'>v.</span> <span class='ocrx_word' id='word_1_358' title='bbox 1115 4137 1165 4186; x_wconf 81' lang='lat' dir='ltr'>leo</span> <span class='ocrx_word' id='word_1_359' title='bbox 1185 4149 1324 4202; x_wconf 76' lang='lat' dir='ltr'>nusquam</span> 
     </span>
     <span class='ocr_line' id='line_1_40' title="bbox 147 4210 1324 4283; baseline -0.003 -14"><span class='ocrx_word' id='word_1_360' title='bbox 147 4213 280 4281; x_wconf 84' lang='lat' dir='ltr'>inveniri,</span> <span class='ocrx_word' id='word_1_361' title='bbox 299 4229 363 4266; x_wconf 88' lang='lat' dir='ltr'>oum</span> <span class='ocrx_word' id='word_1_362' title='bbox 381 4228 480 4267; x_wconf 84' lang='lat' dir='ltr'>revera</span> <span class='ocrx_word' id='word_1_363' title='bbox 498 4212 611 4267; x_wconf 92' lang='lat' dir='ltr'>omnino</span> <span class='ocrx_word' id='word_1_364' title='bbox 629 4230 687 4269; x_wconf 89' lang='lat' dir='ltr'>non</span> <span class='ocrx_word' id='word_1_365' title='bbox 705 4213 743 4268; x_wconf 87' lang='lat' dir='ltr'>sit</span> <span class='ocrx_word' id='word_1_366' title='bbox 760 4215 858 4283; x_wconf 83' lang='lat' dir='ltr'>figura,</span> <span class='ocrx_word' id='word_1_367' title='bbox 878 4231 934 4268; x_wconf 92' lang='lat' dir='ltr'>non</span> <span class='ocrx_word' id='word_1_368' title='bbox 953 4216 997 4268; x_wconf 82' lang='lat' dir='ltr'>eet</span> <span class='ocrx_word' id='word_1_369' title='bbox 1015 4213 1089 4281; x_wconf 90' lang='lat' dir='ltr'>qnod</span> <span class='ocrx_word' id='word_1_370' title='bbox 1108 4210 1254 4280; x_wconf 61' lang='lat' dir='ltr'>miramon</span> <span class='ocrx_word' id='word_1_371' title='bbox 1273 4212 1324 4267; x_wconf 82' lang='lat' dir='ltr'>illa</span> 
     </span>
     <span class='ocr_line' id='line_1_41' title="bbox 148 4291 1324 4363; baseline -0.002 -13"><span class='ocrx_word' id='word_1_372' title='bbox 148 4294 259 4362; x_wconf 77' lang='lat' dir='ltr'>altera,</span> <span class='ocrx_word' id='word_1_373' title='bbox 281 4293 363 4348; x_wconf 84' lang='lat' dir='ltr'>unius</span> <span class='ocrx_word' id='word_1_374' title='bbox 386 4292 428 4348; x_wconf 89' lang='lat' dir='ltr'>rei</span> <span class='ocrx_word' id='word_1_375' title='bbox 449 4291 662 4363; x_wconf 88' lang='lat' dir='ltr'>multiplicatio,</span> <span class='ocrx_word' id='word_1_376' title='bbox 688 4310 772 4362; x_wconf 82' lang='lat' dir='ltr'>quam</span> <span class='ocrx_word' id='word_1_377' title='bbox 792 4310 852 4348; x_wconf 81' lang='lat' dir='ltr'>esse</span> <span class='ocrx_word' id='word_1_378' title='bbox 872 4300 930 4350; x_wconf 83' lang='lat' dir='ltr'>orte</span> <span class='ocrx_word' id='word_1_379' title='bbox 949 4294 1043 4363; x_wconf 76' lang='lat' dir='ltr'>aliquo</span> <span class='ocrx_word' id='word_1_380' title='bbox 1060 4297 1189 4348; x_wconf 81' lang='lat' dir='ltr'>occatam</span> <span class='ocrx_word' id='word_1_381' title='bbox 1206 4294 1324 4360; x_wconf 75' lang='lat' dir='ltr'>formem</span> 
     </span>
     <span class='ocr_line' id='line_1_42' title="bbox 147 4371 1323 4444; baseline -0.006 -12"><span class='ocrx_word' id='word_1_382' title='bbox 147 4375 263 4432; x_wconf 78' lang='lat' dir='ltr'>dicendi</span> <span class='ocrx_word' id='word_1_383' title='bbox 280 4389 363 4428; x_wconf 91' lang='lat' dir='ltr'>nemo</span> <span class='ocrx_word' id='word_1_384' title='bbox 384 4373 509 4442; x_wconf 81' lang='lat' dir='ltr'>negabit,</span> <span class='ocrx_word' id='word_1_385' title='bbox 528 4373 638 4444; x_wconf 82' lang='lat' dir='ltr'>saepius</span> <span class='ocrx_word' id='word_1_386' title='bbox 657 4373 732 4443; x_wconf 87' lang='lat' dir='ltr'>apud</span> <span class='ocrx_word' id='word_1_387' title='bbox 750 4372 918 4442; x_wconf 80' lang='lat' dir='ltr'>posteriores</span> <span class='ocrx_word' id='word_1_388' title='bbox 932 4371 1050 4442; x_wconf 80' lang='lat' dir='ltr'>legitur:</span> <span class='ocrx_word' id='word_1_389' title='bbox 1070 4373 1233 4442; x_wconf 84' lang='grc' dir='ltr'><strong><em>σονωναμία</em></strong></span> <span class='ocrx_word' id='word_1_390' title='bbox 1249 4374 1323 4442; x_wconf 87' lang='lat' dir='ltr'>apud</span> 
     </span>
     <span class='ocr_line' id='line_1_43' title="bbox 150 4451 1124 4523; baseline -0.003 -14"><span class='ocrx_word' id='word_1_391' title='bbox 150 4458 206 4523; x_wconf 57' lang='grc' dir='ltr'>ΑΨ</span> <span class='ocrx_word' id='word_1_392' title='bbox 223 4454 300 4508; x_wconf 86' lang='lat' dir='ltr'>Rom.</span> <span class='ocrx_word' id='word_1_393' title='bbox 320 4471 348 4522; x_wconf 90' lang='lat' dir='ltr'>p.</span> <span class='ocrx_word' id='word_1_394' title='bbox 363 4457 398 4505; x_wconf 81' lang='lat'>34</span> <span class='ocrx_word' id='word_1_395' title='bbox 417 4451 463 4523; x_wconf 83' lang='lat' dir='ltr'>(cf.</span> <span class='ocrx_word' id='word_1_396' title='bbox 483 4451 564 4508; x_wconf 86' lang='lat' dir='ltr'>Mart.</span> <span class='ocrx_word' id='word_1_397' title='bbox 580 4451 647 4523; x_wconf 82' lang='lat' dir='ltr'>Cap.</span> <span class='ocrx_word' id='word_1_398' title='bbox 666 4470 693 4522; x_wconf 92' lang='lat' dir='ltr'>p.</span> <span class='ocrx_word' id='word_1_399' title='bbox 710 4458 786 4522; x_wconf 85' lang='grc'>482),</span> <span class='ocrx_word' id='word_1_400' title='bbox 805 4452 869 4510; x_wconf 89' lang='lat' dir='ltr'>Isid.</span> <span class='ocrx_word' id='word_1_401' title='bbox 889 4471 916 4522; x_wconf 90' lang='lat' dir='ltr'>p.</span> <span class='ocrx_word' id='word_1_402' title='bbox 931 4457 982 4508; x_wconf 80' lang='lat'>518</span> <span class='ocrx_word' id='word_1_403' title='bbox 1001 4456 1124 4508; x_wconf 85' lang='lat' dir='ltr'>vocatur.</span> 
     </span>
    </p>
   </div>
   <div class='ocr_carea' id='block_1_6' title="bbox 0 0 1563 5024">
    <p class='ocr_par' dir='ltr' id='par_1_14' title="bbox 0 0 1563 5024">
     <span class='ocr_line' id='line_1_44' title="bbox 0 0 1563 5024; baseline 0 0"><span class='ocrx_word' id='word_1_404' title='bbox 0 0 1563 5024; x_wconf 95' lang='lat' dir='ltr'> </span> 
     </span>
    </p>
   </div>
  </div>
 </body>
</html>
