3098 5024
601 319 821 398 -37-

212 499 332 559 Summa
359 501 451 578 igitur
474 518 577 565 eorum
601 517 676 577 quae
700 508 803 560 contra
828 499 1028 560 Drabeiminm
1053 502 1201 580 disputavi
1224 502 1297 563 haec

108 605 165 658 est
191 597 336 658 Rutilium
365 597 515 658 schemata
543 598 695 678 dianoeas,
724 616 800 676 quae
828 605 858 656 et
886 615 922 657 ex
950 599 1085 658 codicum
1114 602 1204 678 primi
1232 600 1299 660 libri

108 697 317 774 inscriptione
350 695 531 774 alteriusque
564 695 784 774 subscriptione
813 705 842 755 et
870 713 886 754 e
916 694 1090 765 Quintiliani
1119 700 1298 758 testimoniis

109 796 187 854 eius
216 792 325 853 librum
353 793 523 854 exhibuisse
548 793 658 871 elucet,
687 811 745 854 non
770 810 961 854 enumerasse
987 793 1082 853 solum
1107 797 1225 855 omissis
1249 797 1298 856 de·

111 890 543 970 finitionibusexemplisque,
569 891 620 951 sed
645 891 748 951 eodem
773 890 859 951 modo
883 890 1078 970 descripsisse
1103 899 1190 971 atque
1214 894 1297 953 sche-

112 996 199 1050 mata
223 988 322 1048 lexeos
347 1007 422 1068 quae
446 996 560 1049 servata
585 994 709 1050 exstant.

144 1185 166 1262 ξ
187 1182 216 1246 6.
254 1180 338 1252 Quot
361 1177 459 1244 libris
481 1176 628 1244 Rutilius
651 1178 883 1244 sententiarum
906 1178 1041 1264 figuras,
1066 1182 1144 1262 quot
1167 1198 1272 1247 omnes

458 1277 582 1342 omnino
606 1275 728 1358 figuras
751 1277 956 1342 tractaverit.

209 1407 268 1467 lam
302 1409 470 1488 quaeritur,
503 1412 646 1484 quantum
674 1404 743 1465 libri
772 1406 819 1465 sui
847 1404 976 1465 Rutilius
1004 1405 1051 1465 his
1079 1408 1293 1468 sententiarum

113 1505 223 1582 liguris
248 1503 399 1564 tribuerit:
424 1521 499 1582 quae
524 1502 643 1580 quidem
669 1505 801 1581 quaestio
825 1521 892 1563 cum
919 1505 1046 1582 primum
1072 1505 1207 1582 expedita
1226 1508 1292 1588 erit,
1340 1513 1341 1516 ’

114 1601 208 1661 simul
235 1602 383 1662 efficietur
410 1601 493 1680 inde,
522 1608 663 1679 quantum
693 1619 794 1661 omnes
823 1602 944 1660 omnino
972 1600 1075 1662 Rutilii
1103 1603 1214 1680 figurae
1243 1622 1290 1662 ex-

114 1698 274 1777 pleverint.

208 1800 249 1857 Ac
274 1797 319 1857 rel
343 1816 379 1857 ex
403 1799 440 1856 iis
464 1816 538 1876 quae
563 1815 652 1876 supra
677 1799 801 1857 evicisse
826 1797 898 1856 mihi
918 1797 1019 1857 videor
1038 1797 1177 1875 colligere
1197 1797 1290 1866 debeo

114 1894 199 1954 nullo
223 1895 309 1955 modo
333 1898 364 1955 in
387 1897 554 1976 prooemio,
578 1914 652 1974 qnae
676 1902 722 1955 est
745 1894 906 1955 Drabeimii
930 1887 1076 1976 opinio¹),
1101 1895 1152 1954 sed
1176 1897 1205 1954 in
1231 1915 1290 1956 ma-

113 1994 182 2051 iore
206 1996 298 2052 totins
322 1992 399 2073 libri,
422 1995 516 2072 ipsius
541 1993 655 2053 scilicet
679 1994 840 2071 figurarum
862 1993 1048 2052 tractationis
1068 2001 1151 2070 perte
1172 2002 1289 2054 senten-

113 2092 225 2150 tiarum
250 2093 359 2168 ligures
383 2109 400 2150 a
422 2090 533 2151 Rutilio
557 2091 721 2170 descriptas
745 2109 818 2150 esse.

207 2187 270 2248 Duo
298 2188 368 2248 libri
396 2187 481 2248 nobis
510 2189 618 2249 adsunt
646 2188 796 2248 schemata
824 2186 923 2246 lexeos
951 2189 1137 2247 continentes
1166 2188 1290 2266 quadra-

112 2289 197 2364 ginta
227 2304 319 2346 unnm
348 2304 481 2346 numero.
528 2285 606 2356 Quot
629 2297 729 2346 autem
752 2286 890 2345 dianoeas
914 2284 1063 2344 schemata
1086 2284 1216 2346 Rutilius
1240 2287 1289 2347 de-

114 2385 276 2462 scripsisse
304 2384 453 2462 putandus
483 2379 549 2444 est?
595 2383 794 2454 Quintilianus
818 2381 920 2442 Rutilii
948 2382 1097 2441 schemata
1121 2381 1220 2443 lexeos
1244 2402 1289 2445 se-

113 2481 213 2541 decim
237 2479 344 2561 laudat,
369 2482 478 2560 quibus
503 2484 533 2541 in
557 2467 673 2542 dnobus
697 2480 781 2541 libris
806 2480 930 2540 servatis
950 2481 1205 2559 vigintiquinque
1225 2481 1288 2562 alia,

113 2578 231 2639 scilicet
255 2597 330 2657 quae
354 2587 384 2638 et
408 2579 455 2638 alii
479 2577 635 2658 habebant,
660 2578 797 2637 adiuncta
821 2577 962 2636 videmus.
1001 2575 1114 2645 Quodsi
1136 2584 1288 2655 quattuor-

113 2675 212 2734 decim
242 2675 379 2734 dianoeas
408 2675 621 2753 schematibus,
651 2693 725 2753 qnae
753 2675 831 2734 idem
854 2673 903 2733 ille
928 2681 1071 2733 memorat
1093 2673 1197 2734 Rutilii
1221 2695 1288 2753 pro-

115 2773 196 2851 pria,
224 2774 295 2830 item
324 2771 468 2832 adicimus
491 2772 623 2833 eiusdem
648 2774 766 2849 generis
790 2772 899 2849 figuras
924 2770 1114 2851 vulgatioreS,
1143 2775 1288 2854 sequitur,

112 2877 151 2929 ut
178 2869 255 2928 idem
285 2869 346 2928 lere
375 2888 519 2930 numerus
547 2869 731 2929 schematum
759 2869 897 2928 dianoeas
927 2867 1002 2945 apud
1030 2867 1170 2929 Rutilium
1200 2879 1287 2949 atque

113 2966 215 3026 lexeos
240 2967 337 3044 inerit.
380 2967 477 3046 Atque
500 2976 534 3028 ut
558 2969 588 3026 in
612 2966 696 3026 libris
721 2966 836 3026 dnobus
861 2968 912 3044 qui
936 2972 1006 3025 sunt
1030 2966 1065 3024 de
1087 2965 1287 3029 schematibus

113 3065 216 3124 lexeos
240 3068 364 3124 servatis
389 3066 508 3124 minime
533 3064 591 3122 duo
615 3081 724 3141 genera
743 3064 858 3123 diversa
878 3063 1061 3123 schematum
1082 3062 1181 3123 lexeos
1200 3065 1287 3125 habe·

114 3180 192 3242 mus,
216 3162 266 3222 sed
292 3181 326 3221 ex
353 3181 475 3222 numero
500 3181 533 3222 ea
558 3161 721 3239 aequaliter
740 3162 831 3221 divisa
851 3180 916 3221 esse
936 3160 1066 3240 adparet,
1090 3171 1122 3220 ut
1143 3179 1179 3221 ne
1199 3165 1287 3224 nimis

113 3259 223 3320 multas
244 3260 353 3338 ligures
374 3278 451 3319 rmus
470 3259 546 3319 liber
565 3259 822 3338 complecteretur,
842 3261 885 3318 sic
904 3257 952 3317 illa
973 3258 1121 3318 schemata
1140 3259 1287 3341 dianoeaS,

113 3376 191 3436 quae
202 3357 326 3417 totidem
338 3357 399 3416 lere
411 3357 502 3417 luisse
514 3365 586 3434 quot
596 3351 694 3415 lexeos
705 3356 856 3435 probabile
868 3356 953 3415 modo
966 3356 1089 3437 reddidi,
1100 3359 1172 3417 item
1181 3377 1286 3438 aequa·

112 3455 183 3515 liter
207 3455 298 3512 divisa
324 3454 425 3533 luisse,
449 3456 489 3514 ita
513 3461 546 3514 nt
568 3454 688 3513 dimidia
709 3473 776 3533 pars
797 3456 858 3533 nni,
881 3453 972 3513 altera
993 3453 1111 3513 dimidia
1132 3454 1216 3517 alteri
1237 3461 1286 3516 tri-

113 3553 260 3612 bueretur
275 3551 360 3631 libro,
376 3554 437 3610 veri
450 3541 631 3611 simillimum
643 3551 842 3612 indicaverim.
865 3549 929 3610 Mea
940 3552 1031 3628 igitur
1042 3556 1187 3612 sententia
1199 3557 1285 3614 etiam

113 3650 331 3709 sententiarum
347 3649 459 3725 figurae
475 3649 591 3708 duobus
607 3648 699 3728 libris,
714 3657 855 3726 quattuor
870 3650 961 3726 igitur
977 3647 1060 3708 libris
1075 3657 1198 3710 cunctae
1214 3653 1286 3729 tigu-

113 3765 166 3806 rae
190 3745 427 3807 continebantur.
468 3745 549 3816 Quae
573 3765 640 3806 cum
665 3749 703 3805 ita
727 3747 795 3825 sint,
820 3746 1020 3823 suspicionem
1044 3747 1189 3824 quandam
1214 3749 1286 3808 mihi

113 3844 259 3924 praebent
278 3862 353 3922 quae
373 3843 450 3922 apnd
466 3843 565 3914 Quint.
581 3841 621 3901 lX
636 3857 661 3903 11
680 3839 741 3903 102
758 3843 893 3920 legimus:
912 3850 1039 3918 praeter
1055 3846 1107 3903 illa
1121 3863 1192 3906 aero
1206 3864 1285 3920 quae

207 4016 233 4085 1)
254 4012 401 4068 Prooemio
420 4012 587 4068 instructum
605 4012 691 4068 fuisse
710 4011 811 4067 Rutilii
828 4011 932 4066 librum
952 4029 985 4066 ex
1004 4012 1204 4083 probabilitate
1223 4018 1283 4070 tan-

112 4099 175 4150 tam
194 4092 380 4148 demonstrari
401 4095 505 4162 potest:
525 4095 633 4148 ceteros
652 4091 727 4148 enim
745 4093 849 4147 latinos
869 4094 995 4148 rhetores
1015 4096 1044 4147 et
1057 4110 1172 4163 graecos
1187 4095 1235 4164 qai
1250 4097 1285 4150 de

112 4175 211 4245 figuris
234 4174 363 4243 proprios
386 4173 473 4228 libros
496 4173 577 4228 nobis
597 4175 722 4228 servatos
741 4172 913 4242 scripserunt
931 4171 956 4225 ri
974 4173 1187 4241 perlustramus,
1211 4176 1285 4231 hunc

112 4272 212 4310 eornm
236 4269 410 4309 communem
435 4253 520 4307 fuisse
539 4271 620 4308 usum
638 4253 774 4320 videmus,
793 4253 825 4306 ub
843 4252 948 4321 partim
966 4251 1106 4306 uberrime
1125 4253 1202 4308 velut
1220 4255 1284 4310 Ale-

110 4337 219 4391 xander
232 4333 374 4401 Numenii,
394 4333 594 4402 Phoebammo,
612 4334 714 4402 partim
733 4347 825 4401 pauca
844 4349 909 4387 sane
926 4331 1006 4387 velut
1020 4331 1122 4401 Aquila
1136 4335 1284 4406 Romanus,

112 4413 258 4481 Tiberius,
278 4413 469 4483 Herodianus,
489 4412 634 4484 Polybius,
655 4415 793 4482 Zonaeus,
813 4413 862 4466 alii
880 4412 1080 4481 praefarentur.
