3068 5028
723 315 942 379 -36-

247 500 340 576 figura
377 493 575 575 dorycnion,
613 515 688 574 quae
720 499 798 555 inter
831 496 980 556 schemata
1012 494 1111 555 lexeos
1144 513 1211 554 cum
1244 494 1427 554 definitione

247 595 423 674 duobusque
453 593 594 673 exemplis
622 593 708 653 nobis
736 601 853 672 praesto
882 602 939 674 est,
968 593 1089 653 alteram
1119 594 1332 652 sententiarum
1360 589 1428 650 dis-

249 702 385 753 cerneret
409 692 512 752 eodem
537 691 624 751 modo
648 690 819 751 delinitione
844 690 1045 769 exemplisque
1069 690 1186 750 additis

336 789 422 850 Aliud
451 789 522 848 mihi
550 797 653 849 contra
682 787 882 848 Draheiminm
911 788 995 848 adest
1023 795 1229 866 argumentum
1259 805 1309 847 eos
1337 786 1428 847 locos

247 887 356 967 quibus
376 887 452 947 Celsi
476 889 619 946 rationem
643 884 732 946 habet
751 885 950 956 Quintilianus
973 888 1110 945 intuenti.
1148 884 1307 954 Quaeritur
1329 887 1425 964 enim,

247 985 495 1063 quemadmodum
523 987 553 1044 in
583 986 797 1044 sententiarum
825 984 927 1060 liguris
957 985 1020 1042 suis
1049 982 1209 1043 tractandis
1238 982 1300 1062 ille,
1328 999 1426 1061 quem

245 1082 380 1142 hausisse
413 1101 429 1140 e
458 1081 568 1141 Rutilio
601 1089 677 1141 teste
706 1079 886 1150 Quintiliano
919 1099 1008 1159 supra
1038 1083 1174 1160 exposui,
1208 1089 1341 1140 versatus
1370 1081 1424 1139 sit.

246 1182 342 1258 Atque
371 1179 468 1239 lucem
496 1178 623 1257 aliquam
652 1180 757 1238 allerre
787 1180 903 1238 videtur
931 1177 1104 1247 Quintiliani
1132 1177 1214 1238 locus
1244 1195 1332 1256 quern
1358 1178 1426 1236 iam

246 1281 334 1338 citavi
354 1275 508 1338 rx1122:
534 1295 596 1336 mea
621 1279 699 1336 enim
724 1278 869 1337 sententia
889 1275 1089 1345 Quintilianus
1112 1275 1188 1335 hanc
1213 1276 1345 1356 liguram,
1368 1277 1426 1335 331

247 1375 325 1454 apud
345 1375 462 1435 Celsum
487 1392 594 1434 nornen
620 1376 844 1434 sustentationis
867 1376 1038 1452 impositum
1062 1373 1182 1454 legerat,
1206 1373 1329 1433 eandem
1352 1389 1425 1432 esse

245 1483 334 1551 atque
358 1492 436 1554 earn,
462 1492 549 1551 quam
573 1474 637 1550 ipse
661 1473 772 1551 figurae
797 1473 1073 1532 communicationis
1097 1474 1181 1550 quasi
1205 1474 1333 1550 speciem
1357 1489 1423 1530 me·

244 1578 348 1649 morat,
373 1589 431 1631 non
456 1573 554 1631 statim
579 1569 750 1648 intellegere
774 1577 900 1651 poterat,
924 1572 982 1629 nisi
1004 1569 1046 1628 illi
1070 1569 1147 1647 apud
1167 1567 1286 1629 Celsum
1306 1570 1423 1628 nomini

245 1669 383 1729 adiuncta
411 1676 474 1728 erat
502 1668 643 1728 definitio.
695 1668 786 1728 Recte
815 1675 914 1728 autem
942 1686 989 1726 me
1017 1667 1163 1747 iudicare,
1194 1686 1262 1727 cum
1290 1686 1326 1727 311
1354 1666 1422 1726 solo

245 1769 364 1827 nomine
397 1785 584 1846 nequaquam
617 1785 703 1844 posse
732 1784 861 1847 semper,
894 1768 989 1844 ipsius
1017 1766 1128 1843 figurae
1158 1783 1235 1844 qnae
1260 1767 1299 1824 sit
1328 1766 1423 1844 33113,

245 1864 344 1943 colligi
371 1865 508 1944 adfirmo,
537 1883 571 1924 311
597 1865 700 1924 eodem
726 1863 1040 1942 03131111313313331,
1071 1864 1175 1941 quiin
1200 1865 1287 1923 tertio
1312 1864 1422 1942 eapite,

243 1962 322 2040 apud
351 1962 523 2022 Ciceronem
558 1962 626 2040 quid
661 1961 718 2021 sibi
749 1961 840 2021 velint
873 1962 984 2038 figurae
1018 1962 1190 2020 mutationis
1218 1953 1253 2042 (ἐ
1278 1953 1347 2039 92),
1382 1961 1420 2019 ad

243 2063 430 2138 propositum
459 2058 610 2120 subiectae
638 2061 761 2118 rationis
789 2051 823 2141 (ἕ
843 2052 914 2141 93),
942 2057 1094 2118 relationis
1119 2050 1153 2140 (ξ
1172 2051 1244 2140 97),
1273 2057 1329 2117 sibi
1357 2075 1422 2116 non

242 2157 370 2242 liquere
385 2158 507 2237 latetur,
534 2157 646 2217 idcirco
676 2155 815 2217 videlicet
838 2157 916 2235 quod
942 2156 1045 2216 Cicero
1070 2158 1100 2214 in
1124 2158 1213 2215 tertio
1238 2155 1274 2214 de
1298 2162 1420 2215 oratore

243 2273 345 2315 earum
363 2256 524 2332 figurarum
539 2254 600 2314 sola
615 2256 733 2314 nomina
749 2257 812 2314 sine
828 2253 1051 2314 delinitionibus
1065 2262 1215 2332 posuerat.
1244 2251 1338 2312 Etiam
1354 2271 1380 2312 3.
1395 2253 1422 2312 ll

242 2353 425 2431 paragrapho
444 2350 515 2424 106,
536 2352 587 2412 uhi
602 2351 721 2412 Celsum
734 2353 807 2412 dicit
822 2351 1030 2431 Quintilianus
1050 2369 1238 2430 consequens
1252 2369 1288 2409 an
1305 2349 1420 2428 epichi-

172 2471 174 2476 ·
243 2469 323 2510 rema
353 2459 445 2530 esset,
474 2450 660 2510 dubitasse
690 2484 731 2491 —
760 2458 805 2509 est
833 2457 933 2509 autem
960 2449 1033 2509 baec
1061 2449 1154 2526 ligura
1182 2453 1217 2508 311
1241 2449 1278 2508 iis
1302 2465 1376 2526 quas
1404 2467 1421 2508 e

244 2547 356 2608 Rutilio
380 2550 481 2626 petivit
507 2548 555 2608 ille
580 2540 631 2630 (cl.
650 2541 766 2631 §103)
791 2581 832 2589 -
857 2546 936 2626 quod
960 2547 1029 2626 dixi,
1053 2547 1222 2606 confirmari
1243 2552 1323 2624 puto.
1360 2544 1422 2605 lta·

245 2664 302 2724 que
323 2653 459 2705 accurate
479 2645 674 2724 descripsisse
690 2644 807 2705 Celsum
827 2646 937 2723 figuras
956 2662 1024 2709 suas
1044 2646 1258 2704 sententiarum
1278 2643 1421 2721 equidem

242 2762 297 2822 pro
326 2750 407 2803 certo
437 2743 661 2803 adfirmaverim.
707 2745 798 2821 htqui
825 2742 951 2802 eundem
981 2745 1145 2802 accessisse
1171 2740 1282 2801 Rutilio
1311 2737 1421 2816 §102

242 2841 377 2919 legimus.
415 2840 493 2919 Ergo
513 2840 642 2902 Rutilius
666 2859 785 2919 quoque
809 2859 867 2901 non
892 2842 1076 2900 enumeravit
1099 2838 1195 2898 solum
1216 2839 1326 2916 figuras
1346 2857 1421 2899 suas

243 2941 472 3020 sententiarum,
496 2941 547 2999 sed
572 2939 703 2999 definivit
727 2937 858 3017 singulas
882 2937 1083 3016 exemplisque
1107 2936 1272 2996 illustravit.

331 3036 391 3096 Nec
416 3035 526 3097 nullius
550 3039 691 3096 momenti
715 3044 788 3115 puto
807 3037 886 3114 quod
906 3038 964 3095 iam
983 3035 1031 3095 lw.
1046 3033 1171 3095 Mueller
1190 3036 1220 3093 in
1241 3035 1419 3094 recensione

242 3134 403 3194 llraheimii
426 3133 517 3194 libelli
541 3126 592 3216 (cl.
611 3133 779 3194 Jahresber.
798 3133 825 3192 d.
846 3132 996 3194 Fortschr.
1017 3133 1044 3192 d.
1064 3131 1151 3192 klass.
1167 3131 1260 3192 h-W.
1277 3128 1373 3212 1879,
1394 3131 1418 3193 2

242 3251 269 3310 p.
291 3225 370 3315 156)
402 3242 504 3292 contra
537 3230 616 3291 illius
649 3233 819 3309 opinionem
851 3233 975 3290 monuit.
1025 3229 1171 3290 Nimirum
1204 3230 1341 3290 codicum
1371 3232 1418 3288 in·

242 3331 365 3409 scriptio
390 3348 422 3408 ea
447 3347 544 3410 quam,
568 3331 706 3407 quoniam
730 3327 853 3389 alterius
876 3327 946 3388 libri
969 3330 1157 3406 inscriptioni
1181 3327 1253 3387 nihil
1277 3345 1343 3388 esse
1364 3330 1420 3386 tri-

242 3426 393 3487 buendum
422 3445 511 3504 supra
540 3426 751 3508 demonstravi,
780 3426 870 3486 solam
899 3427 1049 3505 respicere
1075 3425 1158 3506 licet,
1187 3427 1277 3504 primi
1300 3424 1418 3485 scilicet

242 3523 310 3584 libri
337 3526 493 3603 inscriptio
522 3557 564 3566 -—
593 3525 629 3585 31.
653 3526 741 3584 311331
770 3524 891 3585 31131133
916 3524 1165 3602 subscriptionem
1190 3557 1232 3566 —-
1257 3531 1302 3583 est
1328 3526 1418 3584 sche-

242 3629 324 3682 mate
353 3625 511 3696 dianoeas,
540 3640 629 3700 quam
657 3622 776 3701 quidem
805 3625 845 3682 ita
873 3622 1081 3702 essetecum,
1109 3629 1143 3681 31
1166 3621 1272 3681 doctus
1296 3621 1418 3699 quidam

242 3720 330 3780 homo
355 3718 504 3779 schemata
528 3719 641 3794 lexeos,
671 3738 745 3798 quae
770 3719 830 3780 sola
853 3719 957 3780 Rutilii
980 3719 1049 3780 libri
1073 3718 1358 3791 13113113111111331,
1386 3729 1420 3780 et

242 3817 379 3877 dianoeas
413 3817 561 3878 schemata
589 3821 667 3878 inter
696 3836 761 3877 sese
789 3816 999 3898 confunderet,
1032 3815 1165 3877 absimile
1194 3835 1263 3877 vero
1291 3816 1419 3877 blueller

242 3924 323 3976 recte
356 3914 510 3975 iudicavit:
543 3915 706 3994 supplenda
738 3916 829 3993 igitur
863 3934 931 3976 3331
959 3914 1137 3975 Ruhnkenio
1170 3924 1240 3976 sunt
1269 3914 1357 3975 verba
1387 3925 1419 3976 et

242 4018 352 4075 lexeos.
404 4012 518 4084 Quodsi
545 4013 621 4074 hanc
650 4023 785 4074 tenemus
814 4016 1037 4092 inscriptionem
1067 4045 1109 4054 -
1138 4031 1225 4091 quam
1253 4015 1317 4092 ipse
1346 4031 1417 4093 pro·

241 4130 348 4190 ponam
378 4111 472 4172 131331
501 4113 694 4171 mutationem
722 4111 788 4171 vide
813 4111 889 4172 inira
914 4144 970 4192 -,
999 4118 1062 4170 1313
1086 4129 1119 4170 33
1145 4110 1231 4171 verba
1256 4113 1417 4171 coniuncta

242 4211 456 4270 sententiarum
485 4209 595 4286 figuras
624 4227 639 4268 3
663 4208 773 4269 Rutilio
801 4211 920 4269 minime
945 4208 1041 4268 obiter
1065 4208 1268 4268 tantummodo
1292 4227 1416 4270 enume-

242 4317 329 4386 ratas,
354 4305 405 4366 sed
430 4307 532 4366 eadem
555 4309 669 4366 ratione
694 4325 750 4384 qua
775 4307 932 4367 verborum
954 4308 1064 4385 figuras
1084 4324 1157 4385 quas
1176 4305 1318 4367 habemus
1337 4314 1416 4367 trac-

242 4412 317 4464 tatas
341 4422 406 4464 esse
430 4412 530 4482 aperte
554 4405 693 4465 indicant.
