3068 5028
588 355 882 454 -21--Ι

24 543 37 563 ·
108 535 257 594 sententia
291 534 394 595 Rutilii
432 535 485 596 hos
518 535 592 595 duos
625 533 717 594 libros
750 532 924 594 rhetoricos.
977 533 1162 612 Quamquam
1194 536 1286 612 igitur

108 631 224 691 Aeliani
247 650 307 692 var.
327 631 394 692 hist.
418 632 524 712 librom
553 649 680 711 quorum
709 633 831 710 quintus
859 631 1063 692 tantummodo
1095 629 1158 693 160
1182 651 1285 692 versus

109 727 244 809 exhibet,
277 738 307 788 et
335 731 429 808 Apicii
457 731 492 791 de
521 733 693 811 coquinaria
723 729 827 811 libroS‚
856 747 983 809 quorum
1012 728 1285 811 l.1‚11‚111200,

108 825 151 886 IX
172 822 244 906 130,
269 825 295 884 X
315 824 356 889 98
381 827 478 908 habet,
502 837 659 908 excerptos
683 830 761 890 hand
781 828 870 889 ‹lnbie
889 847 956 888 esse
975 835 1057 888 recte
1076 828 1141 889 Birt
1160 831 1285 907 censuit,

108 943 168 984 non
198 932 296 985 tamen
325 943 378 984 suo
407 928 472 986 iure
501 927 605 987 eodem
634 928 721 988 modo
750 927 785 987 de
810 926 913 987 Rutilii
937 925 1020 987 libris
1044 927 1190 987 iudicasse
1216 945 1284 985 eum

108 1031 195 1104 puto,
229 1041 357 1101 quorum
391 1043 533 1085 numerus
566 1043 705 1086 versuum
739 1044 924 1105 nequaquam
959 1025 1031 1084 mihi
1064 1024 1181 1084 videtur
1211 1024 1283 1084 adeo

108 1123 235 1200 exiguus
254 1139 329 1202 esse,
350 1131 382 1181 ut
401 1122 454 1181 hos
474 1142 593 1202 quoqne
613 1123 704 1183 libros
725 1123 913 1184 adnumerari
933 1125 1080 1201 excerptis
1098 1121 1220 1182 necesse
1237 1126 1283 1182 sit.

197 1218 354 1279 Praeterea
382 1229 480 1280 autem
510 1223 535 1281 si
558 1221 697 1300 fingimus
721 1223 816 1300 ipsius
839 1218 944 1281 Rutilii
967 1218 1059 1279 libros
1083 1220 1157 1279 duos
1181 1219 1282 1298 plures

108 1334 214 1377 versus
238 1315 376 1376 habuisse
401 1336 487 1396 quam
513 1321 622 1379 servati
644 1319 713 1378 libri
735 1319 793 1378 duo
812 1318 952 1378 exhibent
976 1353 1019 1360 —
1043 1317 1170 1396 exempli
1189 1320 1282 1396 gratia

107 1433 185 1494 pono
206 1422 358 1475 sescentos
378 1415 448 1498 lere,
469 1436 645 1496 quamquam
666 1419 754 1477 etiam
774 1416 822 1475 hic
842 1433 985 1476 uumerus
1005 1415 1090 1494 longe
1105 1416 1181 1475 inlra
1197 1414 1282 1477 Birtii
1387 1445 1395 1453 κ

106 1512 191 1573 illum
217 1513 372 1572 minimum
396 1531 552 1575 numerum
576 1533 716 1574 versuum
741 1521 786 1574 est
810 1546 865 1593 —,
895 1516 1044 1592 sequitur,
1073 1522 1106 1573 ut
1130 1515 1281 1591 sexaginta

107 1612 170 1670 lere
198 1609 347 1670 schemata
375 1611 474 1671 lexeos
497 1612 529 1671 hi
552 1612 611 1672 duo
635 1612 704 1672 libri
728 1613 938 1673 continuerint.
984 1613 1021 1671 ot
1043 1614 1101 1671 iam
1126 1630 1282 1671 recurren-

106 1709 179 1768 dum
207 1725 241 1766 eo
270 1709 349 1786 quod
378 1711 501 1768 omnino
525 1713 658 1787 potuisse
687 1709 788 1787 plures
817 1709 926 1786 figuras
957 1707 1113 1769 verborum
1140 1707 1280 1768 exhibere

105 1807 202 1883 ipsius
226 1804 329 1865 Rutilii
352 1805 444 1865 libros
469 1825 557 1884 quam
580 1809 610 1867 in
635 1808 760 1867 servatis
783 1805 867 1866 libris
891 1806 1032 1885 leguntur
1056 1824 1145 1884 supra
1169 1808 1281 1884 negavi.

196 1901 342 1963 Relutatis
371 1905 463 1980 igitur
490 1907 579 1964 etiam
602 1907 638 1964 iis
663 1922 738 1983 quae
762 1903 825 1964 Birt
850 1903 947 1964 attulit
972 1911 1005 1963 ut
1028 1904 1117 1963 liorem
1140 1903 1210 1963 huic
1234 1922 1279 1963 oa·

104 2004 161 2080 piti
188 2003 351 2081 imponam,
379 2003 436 2080 ipsi
462 2001 573 2063 Rutilio
603 2001 813 2062 adscribendos
842 2020 908 2062 esse
936 2001 991 2061 hos
1019 2001 1093 2061 duos
1122 2004 1172 2080 qui
1200 2000 1280 2060 illius

104 2102 224 2160 nomine
249 2099 284 2158 ad
309 2117 362 2160 nos
386 2109 532 2161 venerunt
555 2100 647 2160 libros
672 2102 872 2160 certissimum
896 2107 983 2180 puto,
1012 2107 1044 2160 ut
1066 2101 1189 2176 genuini
1211 2098 1280 2158 libri

103 2197 249 2258 Rutiliani
277 2207 390 2276 partem
420 2197 523 2258 saltem
553 2200 685 2276 quamvis
713 2216 750 2258 ne
778 2197 854 2258 hanc
881 2196 1000 2276 quidem
1025 2197 1110 2276 plane
1134 2199 1278 2274 integram

104 2294 269 2374 —plures
293 2297 371 2354 enim
393 2295 514 2355 lacunae
533 2303 658 2376 exstant,
682 2296 718 2356 cl.
738 2294 799 2375 16,
823 2293 907 2375 121,
931 2293 957 2354 ll
978 2291 1006 2375 1,
1030 2294 1055 2354 ll
1075 2291 1095 2355 5
1114 2329 1156 2336 —
1178 2297 1278 2355 etiam·

104 2411 186 2453 nunc
209 2395 241 2453 in
265 2392 402 2453 manibus
425 2392 594 2454 habeamus.

676 2766 710 2826 ll.

168 2943 391 3015 GENVINA
420 2942 589 3015 TOTIVS
618 2942 748 3014 LIBRI
775 2942 1028 3015 RVTlLlANI
1057 2941 1221 3016 FORMA

525 3065 860 3139 RESTITVITVR.

194 3223 326 3287 Transeo
365 3228 399 3287 ad
438 3229 530 3288 totius
566 3226 634 3287 libri
667 3225 811 3286 Rutiliani
843 3226 967 3285 formam
1000 3228 1159 3304 genuinam
1192 3229 1277 3286 resti-

99 3324 254 3386 tuendam.

172 3491 240 3570 54.
277 3491 321 3554 Do
344 3487 536 3554 adiumentis
561 3506 640 3571 quae
664 3488 705 3553 ad
727 3486 946 3553 restituendos
969 3486 1089 3553 Rutilii
1112 3488 1214 3553 libros

575 3587 704 3669 praesto
728 3585 804 3650 sint.

193 3716 266 3776 Rem
289 3719 382 3795 ipsam
407 3724 563 3795 antequam
583 3715 747 3793 aggredior,
771 3713 983 3793 quaerendum,
1007 3713 1116 3792 quibus
1135 3714 1222 3774 liceat
1240 3716 1275 3775 ad

97 3818 179 3877 bauo
203 3815 325 3875 alteram
348 3813 567 3874 diiudicandam
591 3814 796 3892 quaestionem
819 3812 998 3873 adiumentis
1023 3814 1075 3872 uti.

193 3907 224 3994 a)
252 3903 347 3991 Atque
371 3910 447 3990 apud
472 3910 608 3991 rhetores
630 3910 736 3971 latinos
761 3912 891 3970 minores
915 3928 1041 3988 qaxorum
1065 3909 1134 3970 libri
1156 3919 1275 3989 praesto

97 4010 190 4073 nobis
223 4018 292 4070 sunt
325 4027 431 4069 nomen
460 4009 563 4069 Rutilii
593 4026 739 4088 nusquam
768 4008 885 4086 legitur.
936 4006 1021 4077 Quod
1051 4016 1132 4068 certe
1160 4010 1276 4068 minimi

97 4109 245 4190 ponderis
264 4115 317 4168 est.
355 4106 428 4167 Nam
447 4113 655 4186 praeterquam
675 4105 754 4184 quod
773 4124 811 4166 ne
831 4107 969 4165 carminis
985 4106 1104 4184 quidem
1120 4105 1156 4165 de
1171 4107 1274 4182 liguris

97 4298 263 4367 mapuitudo
286 4297 383 4364 crevit,
406 4295 570 4350 commodius
590 4300 628 4349 ert
646 4295 678 4349 iu
696 4294 781 4348 altero
800 4295 870 4348 libro
888 4295 921 4348 de
939 4295 1032 4349 ceteris
1049 4295 1130 4348 rebus
1148 4294 1275 4362 deinceps

98 4393 247 4448 exponere,
273 4393 308 4432 nc
329 4393 385 4446 qua
403 4381 518 4444 propter
540 4375 742 4430 multitudinem
766 4375 919 4429 litterarum
939 4375 1027 4442 pouit
1050 4375 1173 4429 ocimum
1197 4379 1275 4427 tuum

99 4456 266 4526 defatipotc'o
283 4457 432 4511 retordare.
