3068 5028
762 314 982 377 „44-

285 493 372 554 verba
397 515 473 574 quac
497 492 597 572 §103
622 495 761 574 leguntur
785 497 933 555 artissime
957 495 1163 572 coniungenda
1186 513 1251 554 esse
1271 513 1338 555 curn
1358 492 1460 571 §102
1523 533 1524 570 ,

285 595 501 654 sententiarum
534 611 628 653 nexus
662 596 686 652 is
719 612 808 672 quem
841 611 895 672 ego
929 601 1010 653 reete
1044 593 1228 672 expedivisse
1258 592 1329 652 mibi
1357 594 1460 654 videor
1523 589 1524 592 ’

284 690 383 751 docet:
411 692 453 751 ibi
481 698 579 752 autem
609 710 675 751 cum
702 690 806 750 Rutilii
834 709 942 751 nomen
971 690 1087 768 legatur
1110 690 1246 768 Gorgiam
1276 693 1385 770 secuti,
1413 709 1459 750 sc·

284 789 399 869 quitur,
429 795 461 849 ut
490 797 519 850 et
547 788 670 867 Gorgias
699 797 729 848 et
756 787 886 849 Rutilius
914 807 963 848 eas
992 791 1123 866 quinque
1152 789 1262 867 figuras
1289 787 1458 848 habuerint.
1523 813 1524 822 ¹

372 885 501 947 Cunctas
530 889 622 965 igitur
650 887 760 964 figuras
789 885 912 965 Gorgiae
942 905 956 945 a
982 886 1091 947 Rutilio
1119 903 1184 946 esse
1214 885 1370 946 translatas
1399 905 1458 946 non
1523 967 1524 976 ἵ

284 991 329 1044 est
353 1003 407 1044 cur
431 1003 582 1063 negemus.

307 1161 327 1238 ξ
348 1157 398 1222 10.
436 1157 696 1229 Quemadmodum
719 1159 754 1224 iu
778 1157 1017 1224 definitionibus
1041 1157 1177 1240 Gorgiae
1200 1157 1435 1223 transferendis
1523 1243 1524 1252 ἵ

673 1256 818 1322 Rutilius
842 1257 991 1322 versatus
1014 1255 1068 1320 sit.

371 1374 434 1434 Alia
459 1385 504 1435 est
528 1379 670 1456 quaestio,
695 1376 943 1455 quemadmodum
967 1378 997 1436 in
1021 1376 1237 1436 transferendis
1256 1376 1381 1454 Gorgiae
1406 1378 1457 1437 de·

282 1472 467 1533 finitionibus
491 1473 620 1534 Rutilius
644 1482 780 1534 versatus
804 1476 850 1533 sit..

370 1571 466 1650 fitque
500 1570 535 1630 ad
568 1571 691 1632 verbum
725 1572 912 1631 definitiones
941 1570 1102 1649 Gorgianas
1133 1570 1181 1631 ille
1209 1573 1330 1631 minime
1358 1575 1456 1633 vertit.

282 1666 320 1727 Ut
352 1686 440 1746 supra
476 1671 611 1750 exposui,
645 1687 712 1730 cum
741 1669 882 1747 exemplis
910 1671 1010 1746 potius
1039 1687 1126 1747 quam
1155 1669 1378 1729 definitionibus
1406 1689 1456 1730 ex·

282 1764 401 1843 planare
426 1785 665 1846 unamquamque
689 1768 813 1847 figuram
838 1767 934 1846 vellet,
958 1767 1145 1826 definitiones
1164 1767 1326 1844 figurarum
1345 1766 1457 1845 pleras-

282 1880 339 1940 que
359 1863 550 1941 neglegenter
569 1864 665 1943 aliqua
685 1867 716 1924 in
736 1883 767 1924 re
787 1867 933 1944 tractavit,
957 1867 995 1923 ita
1016 1864 1131 1925 seilicet
1151 1873 1183 1925 ut
1202 1865 1386 1927 describeret
1405 1884 1456 1926 eas

233 1995 234 1998 =
283 1961 495 2039 potiusquam
520 1961 665 2022 definiret.
711 1961 813 2040 ltaque
836 1981 890 2040 pro
915 1969 997 2022 certo
1021 1962 1236 2022 adfirmaverim
1261 1964 1359 2041 ipsum
1383 1962 1455 2023 Gor-

280 2059 358 2134 giam
383 2058 559 2118 definiendis
584 2059 708 2137 singulis
732 2060 834 2138 figuris
860 2061 951 2138 magis
976 2078 1062 2138 quam
1085 2059 1168 2120 illum
1188 2078 1308 2138 operam
1328 2061 1455 2121 dedisse.

281 2155 366 2214 'lales
404 2164 503 2216 autem
541 2157 742 2218 distinctiores
779 2159 928 2217 finitiones
962 2161 1051 2217 etiam
1084 2157 1274 2236 paucioribus
1308 2157 1406 2218 verbis
1439 2179 1455 2219 a

280 2253 388 2330 Gorgia
419 2259 505 2332 qua'm
535 2274 551 2314 a
580 2255 689 2315 Rutilio
718 2264 855 2333 poterant
883 2254 1002 2316 absolvi.
1054 2254 1156 2335 Neque
1184 2255 1260 2315 facio
1288 2274 1356 2317 cum
1384 2256 1455 2317 Dra*

280 2350 388 2410 heimio
414 2353 465 2430 qui
489 2372 516 2430 p.
537 2349 592 2427 10,
620 2355 740 2412 omnino
765 2353 841 2430 quod
867 2352 1004 2431 pluribus
1028 2353 1152 2431 Gorgias
1175 2356 1371 2433 exposuisset,
1394 2354 1454 2414 Ru-

279 2447 374 2508 tilium
395 2448 478 2510 breri
497 2450 649 2511 rettulisse
670 2468 844 2529 persuasum
863 2451 959 2510 babet.
997 2449 1070 2510 Nam
1090 2469 1178 2530 quem
1194 2450 1242 2512 ille
1257 2453 1341 2513 ailert
1355 2451 1454 2513 locum

279 2564 313 2604 ex
343 2555 426 2624 parte
454 2549 513 2606 iam
542 2567 631 2626 supra
661 2551 783 2608 citatum
812 2547 837 2606 ll
863 2547 915 2609 12:
949 2547 1144 2628 παρόμοιον.
1190 2553 1248 2610 boc
1275 2553 1396 2611 schemo
1425 2557 1455 2611 et

279 2645 531 2705 homoeoteleuton
556 2654 586 2705 et
607 2648 832 2721 homoeoptoton
853 2645 923 2722 fere
946 2664 1005 2708 non
1029 2650 1153 2706 muttum
1177 2651 1257 2708 tuter
1278 2667 1311 2708 se
1330 2651 1453 2710 distant.

282 2742 391 2802 Tamen
414 2745 490 2816 quid
512 2746 644 2818 intersit,
672 2752 701 2804 et
724 2762 763 2804 ex
786 2747 1025 2819 uniuscuiusque
1048 2748 1204 2821 supposito
1227 2750 1378 2806 sententia
1403 2765 1452 2807 co·

276 2857 425 2913 gnoscere
454 2843 569 2916 poteris
602 2848 632 2902 et
658 2846 750 2902 multo
779 2844 954 2917 diligentius
983 2861 1022 2902 ex
1053 2843 1172 2903 Graeco
1204 2844 1337 2917 Gorqe'ue
1364 2845 1455 2924 libro,

278 2938 332 2996 ubi
350 2939 492 3012 pluribus
515 2942 754 3014 uniuscuiusque
778 2943 858 3000 ratio
882 2943 1025 3000 redditur
1044 2973 1096 3020 —,
1119 2941 1145 2999 is
1165 2939 1237 2999 mibi
1256 2958 1315 2999 non
1336 2940 1453 3000 videtur
1523 2941 1524 2952 ¹

278 3033 313 3092 ad
342 3034 417 3093 hanc
446 3037 511 3094 eius
539 3037 768 3097 confirmandam
802 3039 978 3097 sententiam
1007 3036 1113 3098 valere.
1159 3035 1235 3106 Quid
1264 3033 1365 3098 enim?
1411 3037 1453 3097 Ea

277 3130 366 3190 verba
395 3149 467 3191 num
495 3133 571 3193 lorte
601 3152 723 3194 necesse
751 3143 796 3194 est
820 3135 855 3195 ad
880 3142 1003 3194 cunetas
1027 3134 1131 3195 Rutilii
1154 3136 1263 3213 figuras
1287 3135 1453 3196 referamus

278 3247 439 3308 omnesque
464 3249 480 3290 a
500 3230 607 3309 Gorgia
632 3231 723 3292 multo
748 3230 871 3292 uberius
894 3239 1035 3292 tractatas
1059 3251 1124 3292 esse
1144 3230 1322 3293 credamus?
1358 3232 1452 3292 lmmo

277 3327 480 3388 tantummodo
495 3329 529 3388 ad
547 3329 625 3389 lrunc
642 3348 733 3390 unum
746 3328 844 3389 locum
861 3347 924 3389 mea
940 3333 1086 3390 sententia
1103 3349 1135 3390 ea
1152 3339 1300 3408 spectant:
1319 3331 1375 3391 boc
1391 3350 1452 3391 uno
1523 3393 1524 3402 ,

278 3424 355 3505 loco,
384 3428 435 3504 qui
464 3436 509 3486 est
538 3427 573 3487 de
599 3429 702 3505 figuris
725 3425 911 3506 παρομοίου
936 3424 1188 3508 ὁμοιοτελεύτου
1212 3425 1452 3510 ὁμοιοπτώτου,
1523 3441 1524 3444 ’

278 3522 314 3582 de
343 3522 447 3583 barum
477 3524 643 3584 differentia
672 3527 833 3603 figurarum
862 3530 952 3586 multo
979 3529 1154 3601 diligentius
1178 3527 1287 3586 dixisse
1312 3526 1450 3605 Gorgiam

277 3630 436 3698 propterea
457 3620 584 3681 Rutilius
610 3630 761 3702 memorat,
786 3623 874 3702 quod,
897 3641 965 3684 corut
990 3642 1090 3684 aarum
1115 3627 1172 3683 vim
1195 3624 1452 3704 differentiamque

278 3717 355 3796 apud
379 3717 462 3778 illum
486 3737 544 3779 non
569 3721 687 3798 penitus
706 3719 901 3781 intellexisset
925 3755 966 3763 —
992 3722 1056 3781 vide
1077 3740 1151 3799 quae
1171 3740 1260 3800 supra
1280 3741 1338 3782 non
1359 3723 1452 3784 semel

278 3834 311 3875 ca
336 3816 372 3876 de
397 3833 429 3874 re
454 3819 578 3896 exposui
601 3851 657 3898 -,
686 3819 725 3877 ita
750 3835 782 3877 se
806 3818 946 3897 expedire
970 3837 1006 3879 ex
1029 3820 1083 3879 bac
1108 3819 1280 3880 difficultate
1305 3822 1450 3899 optimum

277 3913 404 3974 ducebat
428 3914 520 3994 lactu,
549 3922 582 3974 ut
605 3915 641 3975 ad
665 3916 796 3994 exempla
821 3923 850 3975 et
874 3917 908 3976 ad
934 3915 1193 3996 ipsum'Gorgiam
1217 3935 1272 3977 nos
1295 3916 1451 3996 relegaret.

277 4011 342 4071 Non
371 4013 463 4089 igitur
491 4031 558 4071 curn
585 4012 753 4072 Drabeimio
782 4011 832 4094 (cf.
862 4015 950 4074 etiam
974 4013 1295 4075 Teutoni-Schwabe·
1315 4015 1382 4075 bist.
1408 4015 1451 4077 lit.
1523 4011 1524 4014 ’

278 4107 509 4190 nampulo,
539 4109 674 4170 Schanzii
698 4129 725 4188 p.
745 4106 826 4194 437)
861 4114 1062 4172 testimouium
1094 4112 1151 4172 hoc
1180 4111 1449 4173 luculentissimum

214 4253 216 4257 .
276 4215 349 4285 puto
382 4225 398 4266 e
432 4225 490 4284 quo
521 4207 635 4268 eluceat
663 4210 693 4268 in
723 4212 855 4269 omnium
884 4208 1137 4288 descriptionibus
1165 4211 1340 4290 figurarum,
1373 4230 1450 4289 quae

277 4306 445 4364 accuratius
470 4303 592 4381 Gorgias
617 4304 801 4386 carolicasset,
827 4325 842 4366 a
867 4306 976 4366 llutilio
1001 4310 1032 4367 in
1057 4306 1174 4367 brevius
1199 4317 1349 4368 contracta
1374 4327 1450 4389 esse,

277 4400 495 4480 amplioresque
521 4403 611 4462 irrisae
631 4401 755 4481 Gorgiae
778 4403 965 4464 definitiones
985 4414 1116 4486 cunctae,
1139 4423 1207 4465 cum
1227 4409 1255 4466 in
1276 4409 1371 4485 ipsius
1389 4406 1449 4468 llu-
