3098 5024
560 318 779 380 -45-

78 496 136 557 11111
166 497 327 575 figurarum
356 497 607 576 descriptionibus
637 497 836 558 -videlicet
860 505 979 575 praeter
1002 493 1181 557 1112—14
1205 529 1256 575 ε,

79 601 112 654 ut
138 597 199 654 sint
223 594 393 674 ampliores,
418 614 476 655 non
501 598 687 676 requiratur,
710 613 795 675 nego.

154 771 174 848 ξ
197 770 244 832 11.
281 765 362 832 Num
384 767 418 832 iu
442 767 688 932 exempfisululs
710 767 855 833 Rutilius
879 769 1043 835 versiones
1066 766 1187 832 latinas

572 883 591 930 a
636 867 766 933 inerit.

170 983 369 1066 Relinquitur,
393 985 486 1044 uide
510 985 654 1065 exemplis
678 986 822 1046 disseram
845 1003 878 1046 ac
903 1004 961 1064 quo
986 989 1050 1044 iure
1074 984 1175 1062 plures
1200 984 1256 1043 viri

21 1073 22 1118 ἓ
78 1082 160 1141 docti
194 1081 230 1141 de
264 1082 450 1143 versionibus
482 1082 582 1143 latinis
611 1102 625 1143 a
655 1083 766 1143 Rutilio
794 1085 824 1143 in
854 1083 997 1161 exemplis
1025 1085 1087 1144 suis
1116 1082 1256 1142 adhibitis

20 1247 21 1252 .
78 1181 276 1257 cogitaverint
299 1182 472 1240 examinem.
495 1219 500 1228 ·

169 1276 300 1337 Profecti
323 1284 422 1338 autem
445 1288 524 1359 sunt,
549 1281 599 1356 qui
624 1279 750 1357 Gorgiae
774 1279 905 1358 exernpla
930 1281 1027 1357 ipsum
1048 1277 1190 1339 Rutilium
1215 1277 1254 1337 la·

78 1377 140 1434 tine
168 1377 293 1434 vertisse
318 1383 512 1457 negaverunt,
542 1375 578 1435 ab
602 1375 808 1437 observatione
833 1376 957 1454 quadani
982 1376 1101 1436 dicendi
1124 1378 1255 1454 generis:

78 1471 159 1549 quod
194 1471 328 1552 quidem,
361 1471 447 1551 quale
477 1476 509 1533 in
537 1473 679 1552 exemplis
707 1473 793 1533 nobis
821 1475 966 1553 occurrit,
999 1473 1118 1534 dilierre
1146 1473 1182 1533 ab
1211 1490 1255 1553 eo,

79 1569 160 1646 qnod
190 1571 221 1629 in
250 1569 502 1649 descriptionibus
532 1579 706 1650 usurpatum
736 1570 883 1651 videmus,
912 1571 1099 1631 manifestum
1124 1578 1177 1630 est.
1223 1569 1256 1629 ln

79 1666 304 1726 delinitionibus
328 1669 407 1727 enim
432 1670 593 1746 figurarum
618 1669 789 1748 simplicior,
813 1669 975 1746 elegantior
999 1671 1029 1728 in
1053 1668 1195 1746 exemplis
1215 1669 1255 1726 vi-

79 1764 168 1823 detur
193 1782 300 1843 sermo,
325 1774 357 1824 ut
381 1767 411 1825 in
435 1765 569 1845 exenrpla
592 1775 708 1827 tantum
728 1785 791 1826 mea
812 1768 960 1826 sententia
979 1769 1089 1844 optime
1109 1765 1256 1844 quadrent

19 1913 20 1934 2
78 1880 155 1939 quae
186 1865 215 1921 in
244 1865 383 1923 universo
413 1863 564 1924 scribendi
592 1882 701 1942 genere
729 1863 879 1924 Rutiliano
907 1863 954 1923 his
982 1864 1080 1923 verbis
1109 1862 1254 1923 Ruhnken

19 2013 20 2020 ,
79 1960 174 2037 prael.
197 1978 226 2037 p.
241 1959 290 2018 XV
314 1960 425 2022 laudat:
449 1964 546 2021 omnia
571 1961 735 2040 simplicem
760 1970 790 2021 et
812 1960 977 2021 naturalem
1002 1959 1254 2039 pulchritudinem

79 2056 203 2135 hahent,
233 2057 359 2116 similem
389 2057 555 2139 Tullianae,
584 2061 669 2119 cuius
698 2059 854 2119 imitandae
884 2059 1014 2119 studium
1043 2057 1153 2135 aliquot
1182 2058 1254 2117 locis

78 2157 169 2213 etiam
194 2154 455 2231 deprehendimus.
496 2155 569 2216 Esse
593 2158 684 2234 igitur
708 2157 847 2236 concedo,
872 2174 926 2216 cur
949 2155 1095 2215 eiusmodi
1117 2155 1175 2214 stili
1196 2154 1253 2215 dis·

77 2254 272 2332 crepantiam,
297 2253 392 2331 qualis
415 2262 462 2313 est
486 2272 597 2333 revera,
622 2256 765 2313 miremur
788 2253 1028 2334 studeamusque,
1053 2255 1103 2331 qui
1122 2255 1255 2332 potuerit

77 2348 281 2429 intercedere,
305 2349 401 2428 aliqua
425 2353 539 2411 ratione
563 2351 719 2430 explicare.

169 2448 263 2525 Atque
292 2446 328 2507 13.
353 2446 544 2508 Casaubonus
573 2449 608 2508 ad
637 2449 712 2509 hanc
742 2466 829 2527 quam
858 2447 981 2526 praehet
1010 2447 1070 2506 stili
1098 2447 1254 2508 diversitas

76 2543 283 2604 dilliculiatem
309 2544 466 2605 tollendam
491 2564 555 2606 eam
580 2548 653 2606 viam
678 2549 831 2625 ingressus
856 2554 910 2627 est,
934 2552 967 2605 ut
985 2544 1129 2605 Rutilium
1151 2545 1252 2604 desmi-

17 2627 18 2666 3
75 2643 176 2701 tiones
197 2642 263 2702 illas
283 2643 403 2721 quidem
422 2643 584 2721 figurarum
604 2663 620 2703 e
640 2643 746 2722 Gorgia
765 2641 963 2721 transtulisse,
988 2642 1039 2702 sed
1059 2643 1090 2702 in
1110 2641 1253 2720 exemplis

75 2749 216 2799 secutum
239 2758 305 2800 esse
329 2741 452 2800 aliorum
475 2760 550 2820 quae
570 2750 635 2802 tum
654 2741 826 2816 serebantur
845 2742 998 2800 versiones
1017 2739 1122 2799 latinas
1142 2741 1252 2800 existu-

75 2845 173 2897 maret
205 2830 255 2920 (cl.
285 2837 401 2899 Ruhnh.
426 2839 517 2916 prael.
541 2858 568 2917 p.
589 2832 690 2922 XVll).
742 2838 835 2908 Quam
868 2837 948 2897 illius
981 2839 1151 2915 opinionem
1184 2856 1252 2897 cum

74 2934 225 2994 Ruhnken
258 2934 348 2995 verbo
377 2935 567 2996 refellendam
593 2940 754 3015 putaverit,
790 2954 843 3014 ego
872 2937 1040 2995 accuratius
1068 2937 1252 3013 inquiramus

74 3035 105 3091 in
133 3050 195 3090 earn
221 3050 343 3093 necesse
367 3043 439 3112 puto
463 3033 509 3094 vel
532 3034 608 3112 ideo,
634 3034 712 3113 quod
735 3034 826 3094 huius
846 3035 949 3092 aetatis
969 3034 1013 3090 vir
1032 3031 1252 3092 illustrissimus

73 3129 126 3190 lw.
145 3128 269 3190 Mueller
296 3125 340 3212 (in
369 3149 482 3191 recens.
502 3131 652 3192 Valetonis
676 3133 746 3194 diss.
765 3131 909 3207 Grouing.
934 3130 969 3189 de
989 3128 1026 3189 M.
1042 3129 1157 3190 Valerio
1176 3129 1250 3188 Mes·

73 3225 147 3286 salla
171 3225 297 3287 Corvino
326 3246 350 3289 a.
378 3225 463 3289 1874
492 3229 550 3311 ed,
579 3230 615 3290 cl.
639 3230 739 3290 Jahrb.
763 3229 789 3289 d.
814 3227 845 3288 F.
870 3226 897 3287 d.
921 3225 960 3286 kl.
984 3227 1076 3287 s-W.
1104 3224 1202 3307 1879,
1231 3224 1250 3286 2

73 3344 102 3403 p.
125 3319 205 3405 155)
234 3326 357 3385 eandem
385 3328 554 3404 opinionem
578 3329 724 3407 repetivit,
748 3329 787 3387 ita
812 3325 947 3404 quidem,
978 3331 1023 3404 ut,
1052 3342 1119 3384 cum
1144 3324 1250 3384 Casan·

74 3421 173 3481 bonus
197 3423 322 3483 eundem
347 3442 405 3501 quo
426 3426 572 3485 niteretur
591 3424 689 3486 locum
710 3426 873 3503 respiciens
894 3422 930 3483 de
950 3430 1034 3483 certo
1054 3422 1180 3501 quodam
1200 3422 1250 3481 ho·

76 3521 165 3598 mine,
181 3521 211 3579 ni
226 3519 319 3600 fallor,
334 3521 466 3581 nondum
481 3523 649 3603 cogitasset,
663 3526 726 3601 ipse
742 3524 834 3600 petita
850 3540 884 3580 ex
895 3520 1048 3580 Messallae
1064 3519 1250 3579 versionibus

75 3617 174 3676 latinis
198 3617 377 3678 Graecorum
402 3626 555 3680 oratorum
579 3621 651 3681 haec
675 3619 805 3698 exempla
826 3618 974 3678 Rutiliana
999 3636 1064 3676 esse
1089 3619 1249 3678 coniceret.

165 3714 322 3776 Exstitisse
360 3725 459 3777 autem
498 3718 572 3778 tales
604 3720 755 3778 versiones
788 3714 894 3775 latinas
927 3734 994 3775 cum
1028 3714 1154 3775 aliorum
1186 3724 1249 3775 inm

75 3811 228 3872 Messallae
248 3821 375 3875 testatur
395 3813 596 3884 Quintilianus
615 3815 641 3874 X
657 3813 714 3875 v2
733 3812 781 3873 his
800 3812 912 3873 verbis:
936 3820 1056 3874 uertere
1077 3814 1199 3874 Graeca
1219 3817 1250 3874 ia

74 3915 202 3972 latinum
243 3919 358 3972 ueteres
399 3917 498 3974 nostri
537 3921 676 3974 oratores
717 3916 859 3988 optimum
898 3913 1085 3971 iudicabant.
1143 3911 1183 3970 Id
1217 3929 1250 3971 se

73 4011 108 4070 L.
136 4011 264 4071 Crassus
296 4013 327 4070 in
361 4013 419 4070 illis
452 4011 606 4071 Ciceronis
641 4013 678 4070 cie
710 4017 834 4070 oratore
861 4012 948 4070 libris
975 4011 1051 4068 dicit
1074 4006 1249 4083 factitasse:

73 4111 108 4168 id
134 4109 241 4169 Cicero
268 4126 325 4169 sua
354 4112 418 4184 ipsc
442 4126 575 4184 persona
600 4106 845 4183 frequentissime
867 4109 1033 4183 praecipit,
1061 4109 1249 4180 quinetiam

72 4205 168 4265 libros
196 4207 331 4266 Platonis
364 4214 455 4280 atque
482 4206 690 4282 Xenophontis
722 4207 818 4264 edidit
845 4207 902 4264 hoc
928 4222 1042 4278 periere
1069 4207 1249 4264 translatos:

72 4305 107 4362 ici
134 4302 297 4362 Messallae
326 4306 457 4380 placuit,
490 4307 661 4378 multaeque
692 4308 763 4362 sunt
795 4304 833 4361 ab
868 4319 901 4362 eo
933 4304 1069 4377 scriptae
1097 4303 1140 4361 ad
1166 4304 1248 4362 bunc

69 4403 193 4462 modum
216 4403 381 4476 orationes,
412 4404 488 4462 adeo
512 4407 546 4460 ut
569 4404 660 4460 etiam
684 4417 754 4460 curn
778 4402 830 4460 illa
854 4400 1020 4476 Hyperidis
1040 4415 1098 4476 pro
1123 4400 1248 4478 Phryne
