3098 5024
655 342 945 433 1-22-

252 535 355 588 auctor
376 529 508 587 incertus
523 523 671 584 Rutilium
691 525 822 585 nominat
841 524 979 602 idemque
999 541 1072 584 usus
1092 523 1141 584 illo
1160 523 1237 585 baud
1259 524 1349 586 dubie
1370 534 1426 606 est,
1499 529 1508 547 ⁰

222 677 224 682 ,
251 632 290 692 ιη,
312 625 366 685 alia
395 641 513 703 quoque
541 620 674 700 exempla
701 623 833 702 alteram,
861 621 964 701 Aquila
988 621 1139 682 Romanus
1167 623 1301 683 hausisse
1330 643 1362 683 se
1389 643 1424 684 ex

251 723 417 784 Alexandro
436 721 582 781 Numenio
601 720 682 780 nullo
702 720 791 780 verbo
810 720 930 800 indicat,
952 720 1030 798 quod
1051 729 1148 781 tamen
1168 739 1203 780 ex
1222 723 1259 781 iis
1279 741 1294 781 a
1314 721 1426 800 quibus

251 823 356 900 incipit
388 819 455 880 lulii
488 818 636 879 Rufiniani
669 818 913 878 additamentum:
947 821 1095 904 hactenus
1128 820 1239 894 Aquila
1268 820 1427 880 Romanus

252 939 292 980 ex
315 921 493 979 Alexandro
517 919 663 977 Nomento
692 923 876 994 compertum
905 915 1048 975 habemus
1076 924 1164 995 atque
1193 918 1281 976 etiam
1308 937 1426 998 compa-

253 1020 328 1077 ratio
352 1035 419 1077 cum
443 1014 600 1074 Alexandri
623 1014 763 1074 Numenii
787 1032 874 1092 quam
898 1012 1040 1074 babemus
1064 1015 1192 1092 epitome
1217 1013 1316 1095 docet;
1341 1018 1426 1076 item-

254 1133 311 1193 que
330 1113 506 1173 Martianum
531 1110 678 1191 Capellam
700 1129 836 1190 magnam
859 1120 973 1191 partem
993 1111 1115 1190 Aquilae
1140 1110 1208 1171 libri
1229 1111 1426 1191 descripsisse

251 1216 360 1275 omisso
384 1215 450 1272 eius
473 1214 591 1270 nomine
616 1209 763 1270 Ruhnken
787 1212 817 1269 in
843 1209 971 1269 editione
996 1208 1099 1269 Rutilii
1117 1208 1203 1289 Lupi,
1226 1209 1350 1288 Aquilae
1370 1211 1427 1271 Ro-

252 1313 339 1392 mani,
359 1310 425 1370 lulii
443 1309 592 1369 Rufiniaui
611 1318 710 1369 annot.
731 1308 764 1368 ad
785 1326 849 1386 pag.
870 1305 932 1368 149
953 1317 1034 1367 recte
1053 1310 1176 1367 monuit.
1205 1307 1427 1387 Comparaudae

251 1413 343 1489 igitur
371 1427 438 1468 cum
467 1409 575 1466 ceteris
604 1407 715 1483 figurae
744 1409 826 1484 ipsae
850 1404 953 1466 Rutilii
977 1414 1060 1485 sunt,
1089 1413 1135 1485 ut,
1164 1413 1263 1465 utrum
1293 1406 1428 1467 hauserit

252 1527 286 1568 ex
320 1525 355 1566 eo
388 1505 546 1565 latinorum
579 1506 754 1582 posterioris
787 1505 890 1564 aetatis
918 1504 1072 1563 rhetorum
1102 1505 1250 1563 minorum
1279 1506 1426 1583 quispiam

253 1622 361 1686 necne,
385 1603 594 1681 disceptemus.

341 1703 378 1762 m
409 1719 447 1760 ne
480 1701 548 1779 quis
581 1700 744 1776 speraverit
777 1717 813 1758 ex
846 1697 951 1777 Aquila
979 1698 1125 1778 Romano,
1156 1697 1232 1758 lulio
1260 1698 1428 1779 Rufiniano,

253 1798 550 1879 Pseudo-Rufiniauo,
569 1804 689 1856 auctore
709 1798 823 1857 incerto
839 1796 1021 1856 schematum
1038 1796 1185 1876 diauoeaS,
1204 1796 1428 1872 Fortunatiano,

254 1899 396 1960 Martiano
417 1894 543 1974 Capella,
566 1893 680 1954 Isidoro
700 1892 876 1976 Hispalensi,
899 1894 978 1953 Beda
999 1893 1166 1954 Venerabili
1185 1929 1227 1936 —
1249 1895 1285 1954 de
1305 1904 1428 1956 auctore

254 1999 369 2056 incerto
393 1994 533 2054 carminis
557 1992 592 2052 de
617 1991 720 2070 liguris
744 1993 821 2052 inira
844 1994 1001 2070 separatim
1026 2010 1108 2070 agam
1133 2026 1175 2034 —
1200 1995 1358 2071 quicquam
1385 2011 1430 2053 re·

255 2095 326 2153 lerri
350 2091 385 2151 ad
409 2089 553 2150 Rutilium
576 2107 678 2168 posse:
707 2090 785 2168 quod
811 2108 869 2168 quo
894 2088 1000 2148 melius
1022 2088 1225 2170 intellegatur,
1250 2109 1324 2168 quae
1349 2109 1430 2150 com·

254 2192 408 2270 paratione
431 2189 663 2248 accuratissume
684 2188 776 2269 effeci,
800 2188 876 2246 inira
896 2204 1012 2266 ponam,
1036 2189 1075 2246 ita
1096 2195 1193 2248 tamen
1214 2198 1245 2247 ut
1265 2188 1430 2266 figurarum

255 2289 441 2349 definitiones
465 2293 495 2344 et
513 2284 617 2346 Rutilii
640 2292 670 2344 et
689 2292 857 2344 ceterorum
877 2301 952 2362 quos
972 2292 1073 2362 specto
1092 2283 1255 2364 rhetorum,
1281 2303 1354 2364 quas
1374 2305 1431 2346 suo

256 2388 382 2466 quisque
410 2383 476 2443 loco
503 2401 518 2442 a
543 2402 589 2443 me
613 2381 718 2442 collato
742 2383 937 2460 introspiciat,
961 2399 998 2440 ue
1022 2383 1077 2441 sim
1102 2381 1221 2464 longus,
1248 2379 1432 2466 omittam¹):

345 2482 386 2542 Ae
419 2483 549 2560 primum
582 2480 700 2558 quidem
734 2479 842 2539 multas
874 2480 984 2558 figuras
1011 2479 1175 2540 Rutilianas
1205 2481 1310 2541 eodem
1338 2500 1431 2542 sensu

257 2580 321 2641 illas
345 2579 474 2658 quidem,
499 2577 549 2637 sed
574 2595 698 2656 prorsus
723 2575 777 2636 alia
799 2577 1012 2656 significatione
1032 2578 1253 2657 earundemque
1273 2578 1432 2640 nonnullas

256 2681 344 2738 etiam
368 2678 446 2736 inter
471 2673 618 2734 schemata
642 2675 781 2734 dianoeas
805 2673 841 2734 ab
860 2673 918 2734 illis
938 2692 1012 2753 quos
1032 2679 1312 2754 supraenumeravi
1329 2676 1431 2739 latinis

257 2772 428 2835 rhetoribus
453 2773 514 2831 lere
538 2771 677 2833 omuibus
696 2775 807 2851 positas
827 2771 899 2832 vidi:
924 2771 968 2831 vel
987 2772 1043 2832 hoe
1063 2773 1237 2834 adversatur
1256 2775 1429 2836 conicienti-

258 2873 314 2934 bus
337 2870 456 2930 illorum
480 2869 608 2949 aliquem
632 2869 775 2931 Rutilium
801 2879 937 2930 secutum
961 2887 1035 2930 esse.

346 2968 500 3028 Pertinent
523 2974 622 3027 autem
645 2968 703 3028 huc
726 2968 781 3028 hae
807 2967 910 3029 Rutilii
934 2966 1092 3029 verborum
1117 2969 1243 3046 figurae:

350 3166 375 3236 1)
401 3165 469 3220 Cum
494 3163 603 3233 graecis
627 3163 789 3236 posterioris
813 3164 916 3219 aetatis
940 3164 1101 3220 rhetoribus
1123 3165 1225 3219 Rutilii
1247 3167 1351 3236 figuras
1374 3185 1433 3222 uon

260 3245 437 3315 comparabo,
458 3242 562 3313 quippe
582 3243 631 3312 qui
649 3243 801 3298 latinorum
821 3245 964 3299 rhetorum
982 3261 1127 3314 nunquam
1145 3245 1283 3299 rationem
1299 3245 1434 3302 babuisse

259 3326 419 3381 videantum
446 3341 482 3378 ne
507 3323 675 3390 Quintiliani
700 3324 812 3393 quidem
837 3340 939 3379 nomen
962 3326 1040 3394 apud
1063 3324 1151 3379 ullum
1175 3341 1271 3379 eorum
1295 3327 1344 3394 qui
1367 3329 1435 3394 post

259 3407 339 3460 illum
368 3405 402 3458 de
429 3403 527 3474 figuris
556 3405 726 3473 scripserunt
750 3402 864 3472 legitur.
905 3404 1041 3459 Rutilium
1065 3421 1131 3460 vero
1155 3405 1231 3474 quod
1256 3404 1433 3473 adhiberent,

260 3487 373 3540 omnino
392 3499 448 3537 non
465 3483 610 3540 habebant
628 3482 658 3536 bi
677 3483 772 3554 graeci
790 3485 915 3538 rhetores
935 3501 997 3538 mea
1016 3485 1164 3554 sententia,
1184 3502 1255 3551 cum,
1275 3484 1434 3553 siquidem

260 3565 372 3621 haurire
393 3579 408 3616 e
426 3564 480 3617 tali
498 3564 576 3619 fonte
594 3562 709 3631 vellent,
729 3580 810 3616 suum
829 3563 1012 3633 introspicere
1027 3563 1160 3634 Gorgiam
1175 3563 1211 3618 iis
1225 3563 1333 3633 liceret,
1353 3565 1434 3619 cuius

260 3645 384 3699 Rutilius
407 3643 494 3698 libros
517 3643 547 3697 in
570 3642 689 3697 latinum
713 3659 868 3697 sermonem
893 3644 1084 3699 transtulerat.
1120 3644 1234 3699 Rectius
1257 3643 1346 3714 igitur
1369 3662 1434 3698 cum

260 3726 322 3795 ipso
342 3722 447 3793 Gorgia
470 3723 522 3777 bos
546 3739 662 3792 graecos
685 3725 812 3777 rhetores
834 3721 954 3778 conferri
972 3723 1074 3778 iudico.
1099 3755 1132 3764 —
1156 3723 1284 3779 Ceterum
1305 3741 1337 3779 eo
1358 3726 1435 3794 quod

260 3807 334 3858 hunc
353 3803 383 3857 in
399 3803 513 3857 modum
528 3803 679 3872 seperatim
694 3803 864 3871 posteriores
878 3802 983 3856 latinos
997 3804 1123 3856 rhetores
1138 3804 1258 3858 minores
1273 3807 1302 3858 et
1314 3820 1435 3874 graecos

261 3883 411 3950 conferam,
432 3881 525 3936 differt
539 3899 602 3936 mee
615 3881 689 3936 ratio
704 3882 886 3952 comparandi
900 3898 917 3936 a
930 3880 1080 3951 Dzialasio,
1097 3882 1145 3952 qui
1160 3881 1273 3951 quidem
1287 3902 1314 3953 p.
1327 3891 1432 3938 15—21

262 3978 357 4018 omnes
383 3978 439 4016 una
461 3961 587 4016 rhetores
612 3980 675 4016 cum
698 3960 759 4031 ipso
783 3963 892 4018 Rutilio
917 3960 1051 4030 contulit3
1076 3962 1222 4032 praeterea
1246 3963 1435 4034 quadraginta

261 4043 343 4096 unius
358 4040 456 4096 Rutilii
475 4042 627 4110 figurarum
645 4043 755 4111 partem
776 4044 894 4112 tantum,
914 4042 1023 4098 scilicet
1040 4041 1143 4112 viginti
1161 4043 1218 4096 tres
1237 4041 1286 4096 ille
1301 4041 1433 4111 contulit,

261 4122 321 4191 ipse
341 4136 437 4175 omncs
457 4121 640 4190 comparab03
660 4121 780 4190 deniqne
800 4139 863 4176 eam
878 4125 1031 4178 retractare
1046 4121 1283 4192 comparationem
1298 4121 1362 4178 ideo
1376 4139 1435 4178 non

264 4217 500 4271 supervacaneum
520 4201 600 4270 duco,
620 4201 695 4270 quod
710 4201 832 4272 Dcialas,
851 4202 896 4258 cui
916 4203 1030 4272 quidem
1044 4201 1193 4256 Helmiana
1211 4203 1283 4257 rhet.
1297 4201 1349 4256 let.
1364 4202 1435 4260 min.

264 4280 350 4335 editio
369 4295 395 4333 a.
412 4285 478 4333 1863
504 4283 603 4350 parata
626 4281 748 4334 noudum
772 4281 875 4350 adluit,
898 4282 993 4352 plures
1015 4283 1064 4352 qui
1082 4283 1117 4337 de
1136 4283 1234 4352 figuris
1254 4282 1435 4354 scripserunt,

267 4359 345 4414 velut
359 4359 598 4430 Fortunatienum,
618 4359 787 4416 Mattianum
802 4361 955 4432 Capellam,
975 4361 1119 4430 isidorum,
1139 4364 1252 4431 Bedam,
1273 4362 1301 4416 in
1320 4377 1435 4435 compa-

263 4439 401 4494 rationem
421 4439 533 4495 omnino
552 4457 609 4495 non
626 4438 751 4496 adduxit.
