3098 5024
731 265 950 326 „40-

342 445 403 506 Nec
427 444 594 506 dubitarem
618 447 756 506 conicere
779 445 859 506 bunc
883 445 1019 506 ordinem
1043 449 1229 508 usitatiorem
1253 447 1343 508 ctiam
1368 445 1434 506 Ru·

254 544 351 604 tilium
379 551 515 603 secutum
543 561 623 624 esse,
651 545 710 602 nisi
737 542 812 604 duae
843 543 916 603 mibi
943 543 1082 604 adessent
1107 563 1228 627 causae,
1257 545 1293 604 de
1318 543 1433 622 quibus

255 641 343 702 alium
368 641 461 700 fuisse
485 639 565 700 illius
589 640 724 701 ordinem
748 641 936 701 crediderim.

343 739 385 798 Ac
405 740 533 817 primum
554 745 727 816 reputemus
746 739 902 800 nobiscum
922 757 997 818 quae
1017 739 1157 818 leguntur
1176 741 1253 820 apud
1271 739 1374 810 Quint.
1389 739 1433 800 lx

256 833 369 898 11193:
396 855 468 896 nom
496 839 534 897 de
562 840 611 897 illo
640 839 777 898 dubitari
796 841 892 914 possit
914 856 955 898 αα
977 840 1100 899 schemo
1122 842 1174 912 sit,
1202 843 1234 899 in
1258 840 1434 898 distributis

255 937 392 996 subiecta
422 937 516 1014 ratio,
548 936 630 1008 quod
657 937 741 1010 opud
767 938 894 996 cundem
923 934 1038 996 scilicet
1066 934 1210 996 Rutilium
1235 939 1334 1012 primo
1364 940 1434 996 loco

253 1035 384 1108 positum
407 1038 459 1092 cst.
495 1028 746 1110 προσααόὸοσιν
768 1035 843 1094 dicit
862 1039 891 1092 et
910 1051 984 1110 quae
1005 1051 1070 1112 sqq.
1108 1032 1230 1094 Scilicet
1248 1035 1345 1112 primo
1365 1031 1433 1093 loco

256 1131 383 1207 positam
399 1147 464 1188 esse
479 1130 604 1207 figuram
618 1126 897 1209 προσααοὸόσεως
911 1130 988 1208 apud
1000 1130 1067 1191 Rut.
1079 1130 1279 1202 Quintilianus
1294 1138 1434 1210 testatur,

258 1243 387 1306 quocum
415 1227 585 1286 testimonio
610 1225 693 1286 locus
717 1229 743 1285 is
767 1245 856 1305 quem
880 1226 996 1286 obtinet
1020 1245 1053 1287 ea
1077 1228 1171 1306 figura
1195 1230 1225 1287 in
1250 1227 1334 1287 libris
1359 1227 1433 1288 duo-

257 1323 314 1384 bus
343 1325 467 1384 servatis
495 1327 663 1401 congruit..
689 1323 771 1384 llanc
800 1331 900 1384 autem
928 1342 944 1384 a
969 1323 1080 1386 Rutilio
1105 1324 1282 1386 elocutionis
1305 1325 1432 1403 figuram

258 1441 323 1482 esse
352 1421 482 1481 habitam
510 1423 575 1500 ipso
598 1421 688 1482 huius
711 1421 770 1483 loci
793 1421 985 1492 Quintilianei
1009 1441 1087 1483 nexu
1112 1425 1327 1483 sententiarum
1352 1441 1432 1482 com-

258 1521 409 1600 probatur.
456 1519 595 1580 Fortasse
624 1519 769 1580 obiecerit
797 1521 870 1580 mihi
898 1523 1045 1598 quispiam
1074 1538 1108 1580 ea
1136 1520 1226 1581 verba
1249 1523 1293 1580 sic
1318 1519 1432 1580 intelle-

258 1620 367 1699 genda,
400 1619 485 1697 quasi
513 1619 592 1678 inter
621 1617 779 1678 verborum
808 1624 922 1678 tantum
950 1619 1071 1696 figuras
1089 1620 1185 1696 primo
1213 1618 1277 1679 loco
1304 1621 1431 1696 positam

258 1719 350 1778 fuisse
380 1734 444 1776 eam
473 1716 597 1794 figuram
627 1716 828 1787 Quintilianus
855 1716 1024 1793 tradiderit,
1055 1734 1123 1776 cum
1152 1718 1328 1794 praesertim
1357 1735 1433 1795 quae

259 1814 307 1875 ille
336 1816 366 1873 in
396 1814 478 1872 tertii
506 1814 612 1890 capitis
640 1813 698 1873 fine
726 1813 795 1873 inde
824 1833 840 1874 a
868 1830 983 1892 paragr.
1003 1810 1044 1876 87
1075 1831 1170 1890 usque
1198 1815 1230 1872 in
1253 1831 1369 1892 paragr.
1389 1809 1435 1873 99

261 1913 353 1972 refert
377 1910 413 1970 ad
433 1909 592 1970 verborum
612 1912 720 1989 figuras
740 1913 772 1970 in
791 1910 1036 1972 antecedentibus
1056 1910 1248 1990 paragraphis
1268 1912 1435 1989 descriptas

260 2010 460 2070 additamenta
484 2008 627 2086 quaedam
648 2000 717 2089 sint,¹
741 2008 849 2087 quibus
868 2008 970 2087 plures
990 2016 1134 2069 memorat
1153 2009 1230 2088 apud
1250 2008 1435 2088 Ciceronem,

260 2104 415 2186 Rutilium,
439 2105 511 2166 alios
531 2107 640 2185 figuras
660 2107 828 2188 verborum,
852 2125 925 2186 quas
944 2109 1008 2185 ipse
1029 2114 1080 2166 aut
1099 2109 1313 2167 sententiarum
1332 2108 1437 2183 potius

262 2215 312 2266 aut
336 2205 457 2265 omnino
481 2223 540 2264 non
564 2205 674 2283 figuras
698 2214 790 2284 putat.
832 2207 869 2266 At
891 2204 978 2283 plane
1002 2204 1166 2283 simplicem
1190 2206 1220 2264 in
1245 2205 1367 2265 modum
1391 2205 1438 2264 sic

260 2305 361 2382 potius
389 2320 422 2362 ea
451 2301 541 2362 verba
569 2304 739 2382 accipienda
768 2321 834 2362 esse
860 2303 933 2362 mihi
957 2303 1108 2381 videntur,
1138 2310 1251 2362 utnon
1276 2302 1312 2362 ad
1337 2301 1439 2363 elocu-

261 2401 351 2462 tionis
381 2408 496 2460 tantum
523 2401 699 2482 figurarum,
732 2401 784 2460 sed
813 2401 848 2461 ad
878 2402 1009 2461 omnium
1038 2402 1172 2481 initium,
1203 2389 1238 2461 ad
1266 2403 1438 2461 universam

261 2501 423 2576 figurarum
448 2499 655 2558 tractationem
680 2501 862 2580 pertineant3
886 2499 965 2559 unde
990 2499 1119 2559 efficitur
1143 2501 1242 2576 priore
1266 2497 1331 2558 loco
1352 2499 1438 2558 sche-

262 2604 339 2657 mata
362 2595 461 2656 lexeos
486 2615 501 2656 a
525 2595 635 2657 Rutilio
659 2604 784 2657 tractata
808 2615 882 2657 esse.

351 2689 473 2754 Accedit
501 2693 634 2755 alterum.
681 2693 718 2754 Ut
747 2713 837 2773 supra
865 2695 1005 2775 vidimus,
1038 2696 1147 2772 figuras
1176 2688 1354 2756 ἀντιθέων
1382 2687 1439 2778 (cl.

262 2792 362 2863 Quint.
382 2790 422 2850 IX
441 2806 466 2852 11
487 2787 565 2872 101)
591 2799 621 2851 et
644 2787 827 2872 ἀναγκαίου
846 2785 898 2876 (cf.
917 2791 957 2851 lX
976 2806 1003 2852 11
1025 2788 1087 2854 106
1112 2800 1141 2852 et
1164 2786 1281 2876 11199)
1305 2801 1335 2852 et
1356 2795 1440 2853 inter

263 2892 479 2952 sententiarum
512 2898 542 2949 et
574 2892 654 2950 inter
686 2891 862 2951 elocutionis
895 2892 1005 2969 figuras
1038 2909 1054 2949 a
1083 2889 1194 2950 Rutilio
1227 2892 1338 2969 positas
1369 2909 1439 2951 esse

264 2985 465 3058 Quintilianus
498 2978 673 3062 memorat
701 2986 817 3057 Quibus
850 2988 886 3047 de
916 2989 1021 3066 figuris
1050 3006 1117 3048 cerm
1147 2991 1305 3067 separatim
1334 2997 1440 3066 ageret

263 3084 401 3162 Rutilius,
422 3092 472 3143 aut
486 3086 517 3143 in
532 3084 669 3144 dianoeas
685 3088 780 3146 autin
796 3086 895 3145 lexeos
912 3084 1095 3146 schematum
1111 3087 1320 3166 descriptione,
1340 3086 1440 3164 qualis

264 3185 341 3242 inter
374 3174 551 3242 ἀντιθέων
583 3182 702 3243 schema
735 3184 873 3243 dianoeas
907 3191 936 3243 et
966 3182 1086 3242 schema
1113 3183 1213 3243 lexeos
1241 3191 1329 3261 atque
1357 3187 1441 3244 inter

264 3276 447 3359 ἀναγκαίου
466 3280 585 3339 schema
600 3280 738 3341 dianoeas
753 3289 782 3341 et
797 3281 917 3341 schema
931 3279 1030 3340 lexeos
1045 3281 1212 3341 differentia
1226 3282 1441 3362 intercederet,

265 3377 428 3456 explicasse
452 3378 602 3456 putandus
627 3385 680 3438 est.
719 3377 831 3448 Quodsi
854 3380 954 3457 priore
973 3379 1039 3440 loco
1059 3377 1188 3439 Rutilius
1208 3378 1356 3439 schemata
1377 3379 1440 3440 dia-

266 3493 355 3536 noeas
379 3476 543 3555 posuisset,
567 3474 702 3536 licuisset
726 3479 755 3536 ei
778 3484 829 3536 aut
851 3478 951 3555 priore
974 3476 1040 3537 loco
1064 3477 1117 3535 has
1141 3477 1214 3536 duas
1238 3477 1348 3555 figuras
1373 3494 1441 3536 sen-

265 3575 426 3633 tentiarum
457 3571 493 3631 ab
523 3573 656 3632 eiusdem
685 3576 813 3634 nominis
843 3573 999 3634 verborum
1027 3575 1131 3652 figuris
1160 3574 1344 3653 discernere,
1379 3593 1440 3654 quo

265 3670 342 3730 facto
370 3671 535 3748 posteriore
565 3670 628 3731 loco
658 3674 735 3731 inter
764 3673 873 3750 figuras
901 3670 1059 3731 verborum
1086 3671 1174 3731 verbo
1200 3671 1303 3731 saltem
1326 3690 1439 3734 memo·

266 3785 332 3828 rare
352 3766 478 3827 debebat
496 3768 549 3828 bas
569 3771 625 3828 iam
646 3778 731 3830 antea
746 3788 762 3829 a
777 3787 808 3828 se
823 3769 933 3847 figuras
952 3776 1093 3829 tractatas
1111 3787 1185 3850 esse,
1205 3778 1256 3830 aut
1271 3774 1440 3849 posteriore

267 3866 384 3926 demum
414 3864 479 3925 loco
502 3868 521 3926 i.
541 3886 566 3927 e.
590 3869 669 3927 iuter
697 3868 846 3927 schemata
875 3867 973 3927 lexeos
1002 3885 1077 3946 quae
1106 3869 1202 3929 adhuc
1231 3878 1347 3931 exstant
1373 3888 1439 3930 eam

267 3964 464 4023 differentiam
498 3971 609 4023 notare.
659 3966 696 4024 At
728 3964 834 4025 horum
868 3983 922 4043 ego
955 3975 1094 4026 neutrum
1125 3968 1156 4025 in
1186 3966 1440 4044 descriptionibus

268 4054 445 4122 ἀντιθέων
469 4067 498 4120 et
521 4055 703 4139 ἀναγκαίου
727 4063 911 4124 schematum
933 4062 1033 4122 lexeos
1058 4082 1132 4142 quae
1157 4065 1325 4124 etiamnunc
1350 4064 1440 4124 habe-

268 4178 334 4219 mus
358 4159 468 4219 lactum
493 4159 589 4219 video:
615 4178 681 4220 nam
706 4170 735 4220 et
758 4162 981 4221 accuratissima
1004 4161 1046 4221 ibi
1069 4170 1164 4221 exstat
1188 4162 1344 4239 utriusque
1365 4163 1439 4240 figu-

268 4275 318 4316 rae
342 4256 487 4330 definitio,
514 4255 595 4316 nullo
620 4257 710 4317 verbo
734 4259 833 4318 addito
857 4277 873 4316 e
899 4277 956 4336 quo
981 4261 1037 4319 iam
1062 4261 1092 4318 in
1116 4259 1360 4320 antecedentibus
1383 4258 1439 4320 has

269 4353 304 4414 ab
329 4373 363 4414 eo
387 4354 498 4432 figuras
521 4363 698 4416 memoratas
722 4364 752 4416 et
775 4357 810 4416 ab
835 4356 968 4416 eiusdem
992 4358 1120 4417 nominis
1144 4358 1283 4418 dianoeas
1307 4358 1456 4418 schema.
1545 4341 1546 4420 ἶ
