3098 5024
192 1319 424 1392 Quaestionibus
449 1339 523 1399 quae
548 1320 583 1380 ad
604 1321 634 1380 P.
649 1320 780 1381 Rutilii
798 1320 887 1399 Lupi
910 1320 946 1380 de
970 1321 1074 1399 figuris
1097 1319 1190 1380 libros
1208 1339 1275 1400 per·

102 1421 200 1480 tinent
223 1419 372 1480 solvendis
396 1437 455 1478 non
479 1418 571 1478 semel
594 1421 649 1479 viri
673 1419 753 1478 docti
776 1437 896 1498 operam
920 1419 1079 1480 dederunt:
1102 1422 1182 1479 inter
1201 1437 1276 1498 quos

101 1520 199 1595 primo
220 1517 288 1584 ¹loeo
311 1516 482 1577 nominandi
507 1527 576 1576 sunt
600 1515 777 1576 Gustavus
800 1515 939 1581 Dzialas
964 1511 1168 1596 (quaestiones
1192 1517 1274 1577 Ruti-

100 1615 195 1675 lianae
228 1615 273 1676 ed.
299 1614 487 1675 Vratislaviae
516 1633 541 1676 a.
567 1610 667 1696 1860)
701 1623 731 1674 et
758 1614 910 1675 loannes
938 1613 1104 1674 Dralreim
1135 1609 1276 1698 (schedae

100 1713 281 1793 Rutilianae,
310 1712 354 1773 ed.
374 1711 504 1773 Berolini
528 1731 552 1773 a.
579 1707 688 1793 1874).
736 1712 792 1772 Sed
823 1713 963 1790 quoniam
989 1714 1027 1771 iis
1056 1730 1130 1790 quae
1159 1713 1189 1772 hi
1218 1712 1276 1772 duo

100 1813 158 1871 viri
181 1811 261 1871 docti
284 1819 506 1890 proposuerunt
530 1827 588 1869 non
608 1812 688 1869 omni
707 1812 737 1869 in
757 1829 798 1891 re,
823 1809 901 1888 quod
922 1809 1044 1890 videam,
1068 1810 1187 1871 adsensi
1206 1819 1277 1871 sunt

101 1912 153 1988 qui
176 1917 244 1989 post
267 1909 334 1968 illos
357 1907 547 1968 difficultates
571 1910 733 1986 attigerunt
756 1909 849 1985 magis
874 1925 962 1986 quam
981 1907 1203 1988 expediverunt‚
1227 1927 1276 1968 res

100 2007 251 2086 postulare
276 2007 402 2086 videtur,
426 2013 460 2065 ut
482 2013 550 2085 post
568 2008 758 2066 interiectum
778 2013 891 2066 tantum
912 2007 1041 2082 spatium
1060 2012 1121 2064 tota
1141 2008 1275 2084 quaestio

101 2104 138 2164 de
163 2107 279 2183 integro
303 2111 493 2164 retractetur.

191 2206 236 2264 dc
268 2205 420 2286 primum
454 2202 760 2282 quidem‚'sintne
793 2221 834 2261 ex
865 2203 983 2280 ipsius
1011 2220 1116 2262 manu
1145 2201 1276 2263 Rutilii

102 2301 170 2360 duo
200 2318 288 2378 quos
316 2299 487 2359 habemus
514 2297 599 2357 libri
623 2299 781 2377 proiecti
804 2317 929 2379 necne,
958 2299 1086 2360 deinde
1111 2318 1212 2382 quam
1235 2298 1276 2360 ab

102 2399 243 2475 origine
267 2405 366 2457 totus
389 2395 483 2455 liber
507 2395 714 2457 Rutilianus
737 2396 907 2458 habuerit
931 2397 1092 2478 lormam,
1120 2399 1275 2478 denique

102 2495 219 2574 qualis
247 2497 343 2555 inter
371 2494 547 2554 Rutilium
575 2503 609 2555 et
637 2494 802 2574 Gorgiam
830 2494 1036 2556 intercedat
1063 2497 1169 2575 ratio,
1203 2496 1274 2558 dis-

102 2600 249 2671 ceptare
273 2594 307 2652 in
332 2594 447 2653 animo
471 2599 533 2652 est.

679 2906 702 2971 I.

197 3069 317 3144 DVOS
345 3071 408 3142 DE
438 3069 773 3144 SOHEMATIBVS
801 3069 985 3141 LEXROS
1014 3070 1181 3142 LIBROS

43 3184 49 3195 ’
141 3197 222 3282 QVI
253 3195 436 3269 Rvurcss
470 3194 658 3269 NOMINE
692 3193 980 3267 uulauuvuc
1013 3194 1239 3268 EXSTANT

156 3321 221 3392 EX
248 3316 398 3393 IPSIVS
427 3319 612 3392 RVTILlI
640 3318 781 3390 MANV
809 3317 1080 3391 Pnouuouos
1108 3319 1223 3392 ESSE

489 3442 890 3516 DEMONSTRATVR.

192 3624 257 3684 Duo
284 3622 354 3683 libri
382 3625 434 3702 qui
462 3630 532 3682 sunt
559 3622 595 3682 de
624 3622 824 3682 schematibus
848 3621 947 3681 lexeos
971 3621 1074 3683 Rutilii
1097 3625 1215 3684 nomine
1239 3624 1274 3683 ad

102 3740 158 3784 nos
186 3730 341 3783 venerunt.
388 3719 468 3791 eros
497 3739 565 3781 cum
593 3720 629 3781 ab
658 3723 722 3798 ipso
749 3719 859 3781 Rutilio
888 3721 931 3781 sic
960 3728 993 3780 ut
1020 3738 1100 3780 nune
1129 3722 1276 3782 habentur

103 3823 291 3900 conscriptos
310 3837 376 3880 esse
398 3821 452 3879 viri
470 3819 551 3879 docti
569 3818 721 3897 Dzialas,
740 3816 853 3892 Blass,
872 3817 950 3877 Birt
968 3820 1149 3899 negaverint,
1167 3819 1274 3880 horum

102 3921 236 3980 omnium
260 3919 423 3980 sententiae
448 3917 589 3996 deinceps
613 3917 770 3994 diligenter
794 3916 963 3976 tractandae
988 3923 1065 3976 sunt.

344 4130 363 4207 ὅ
389 4131 417 4193 1.
464 4079 622 4192 Duialasii
644 4125 805 4191 sententie
827 4125 1037 4191 examinetur.

193 4255 289 4334 Atque
313 4257 344 4316 in
363 4255 533 4316 Daialasii
556 4257 740 4334 argumentis
759 4254 961 4315 examinandis
980 4263 1010 4315 et.
1028 4254 1198 4316 refellendis
1217 4259 1274 4317 iam

102 4352 242 4413 Draheim
267 4362 399 4414 versatus
424 4362 477 4413 est.
516 4353 665 4414 Sed-cum
690 4355 754 4431 ipse
777 4352 855 4413 haud
879 4372 971 4431 pauca
995 4353 1119 4413 habeam
1143 4373 1219 4433 quae
1239 4357 1274 4414 de

103 4468 169 4510 meo
199 4449 317 4530 addam,
344 4451 472 4511 dilucide
497 4451 639 4529 disposita
663 4469 858 4529 quaecunque
882 4469 915 4510 ea
939 4450 975 4510 de
1000 4468 1032 4509 re
1057 4452 1087 4509 in
1112 4452 1169 4510 fine
1194 4451 1271 4511 llzia·

1025 4549 1061 4602 1*
