3098 5024
745 364 943 427 ..8-

257 562 330 622 quas
363 551 465 624 utpote
498 545 629 606 ciusdem
662 544 708 605 vel
741 544 846 605 similis
878 545 997 622 generis
1029 545 1108 604 inter
1140 562 1172 604 se
1205 543 1430 621 coniungendas
1466 586 1470 594 .

256 644 356 720 potius
380 661 446 702 esse
470 650 581 705 statuo:

347 735 607 821 ἀντιμεταβολήν
631 742 643 801 Ι
663 739 682 802 6
710 748 739 801 et
761 736 938 802 ἀντίθετον
962 739 988 799 ΙΙ
1008 737 1063 820 16,
1091 758 1165 818 quae
1190 739 1293 800 Rutilii
1316 743 1430 821 figurae

258 837 336 916 apud
356 836 455 907 Quint.
472 837 511 898 ΙΙΙ
525 855 562 900 ιιι
578 837 622 901 84
637 848 667 899 et
681 836 723 902 85
747 841 922 899 coniunctae
946 838 1099 916 leguntur:
1124 833 1164 899 81
1191 845 1430 918 contrapositum

259 932 450 1018 (ἀντίθετον
483 931 613 1021 dicitur)
640 956 699 998 non
728 955 788 1020 ιικο
813 941 851 1010 sit
877 939 963 997 modo
1067 927 1297 1018 (enumerantur
1327 937 1431 1016 plures

259 1033 340 1093 modi
369 1052 436 1094 curn
465 1034 515 1095 alii
543 1041 605 1096 tum
629 1028 707 1117 hiet)
735 1053 792 1094 nec
819 1053 937 1111 semper
964 1037 1046 1109 quod
1070 1036 1232 1094 adversum
1254 1043 1298 1095 esi
1320 1043 1431 1096 contra

256 1135 392 1208 ponitur,
416 1138 507 1207 quale
530 1141 574 1195 est
597 1135 682 1210 apud
698 1135 846 1194 Rutilium
866 1126 1017 1213 (sequitur
1036 1131 1202 1210 exemplum
1222 1149 1238 1191 e
1258 1132 1326 1194 Rut.
1345 1131 1371 1191 ΙΙ
1389 1130 1430 1192 16

260 1225 484 1314 depromptum)
509 1275 538 1291 ..
559 1235 596 1305 fit
619 1235 709 1292 etium
733 1234 893 1306 adsumpto
917 1235 969 1291 illu
989 1233 1107 1305 fiquru,
1136 1248 1197 1304 qua
1220 1232 1324 1291 cerda
1338 1235 1429 1292 decli-

261 1336 335 1389 nato
359 1335 552 1405 repetuntur,
576 1332 658 1404 quod
679 1325 917 1408 ἀντιμεταβολά
941 1330 1068 1402 dicitur,
1092 1327 1128 1387 ci.
1152 1327 1219 1387 Rut.
1239 1326 1252 1386 Ι
1276 1326 1305 1390 6.

350 1421 531 1486 ἀνάκλασιν
555 1423 611 1487 Ιὸ
639 1435 669 1488 ct
693 1423 860 1506 διαφοράν
883 1425 895 1485 Ι
916 1423 971 1506 12;
999 1426 1035 1485 ci.
1060 1423 1159 1495 Quint,
1178 1423 1275 1486 ιιιιι
1295 1424 1351 1489 68:
1380 1433 1434 1489 cui

261 1542 302 1584 sc.
321 1521 552 1605 παρονομασία
576 1528 703 1597 confinis
727 1532 771 1584 est
794 1542 873 1599 quoe
892 1518 1132 1595 ἀντανάκλασις
1150 1525 1274 1603 dicitur,
1298 1529 1431 1586 eiusdem

262 1624 348 1682 uerti
366 1624 527 1692 contrario
545 1625 749 1696 siquificutio;
772 1639 846 1700 quae
866 1620 1041 1691 Quintiliani
1060 1615 1311 1700 ἀντανάκλασις,
1333 1642 1435 1702 qoam-

261 1737 349 1799 quam
373 1720 439 1778 eius
463 1718 629 1798 exemplum
654 1718 690 1778 ab
714 1718 764 1779 illo
788 1722 917 1798 positum
942 1719 1019 1799 apud
1044 1717 1111 1779 Rut.
1136 1737 1194 1778 non
1218 1719 1327 1798 legitur
1351 1720 1364 1780 Ι
1384 1720 1435 1802 12,

260 1817 312 1877 sed
336 1813 393 1896 15,
417 1816 519 1876 eadem
544 1823 642 1877 tamen
666 1825 712 1877 est
735 1825 824 1896 atque
844 1801 948 1878 Rutilii
967 1813 1114 1898 διαφορά
1132 1817 1144 1877 Ι
1163 1814 1202 1878 12
1222 1821 1294 1890 (λοι
1312 1823 1436 1882 schema

260 1923 304 1976 est
337 1933 405 1976 cum
438 1916 561 1975 certum
593 1918 735 1975 iteratum
764 1918 856 1976 oliam
883 1920 1062 1977 sententium
1090 1919 1247 1990 siqnisicut
1274 1935 1312 1977 uc
1340 1921 1434 1993 siqui-

257 2017 365 2088 Jicuuit
390 2015 492 2090 primo
521 2016 667 2086 dictum);
699 2014 785 2072 cuius
814 2013 973 2074 schematis
1002 2010 1165 2093 διαφορᾶς
1192 2016 1276 2092 quasi
1304 2017 1436 2093 speciem

260 2110 338 2189 apud
367 2110 494 2171 eundem
523 2129 588 2170 csse
616 2110 738 2190 adparet
761 2104 944 2172 ἀνάκλασιν
968 2107 1034 2188 15,
1063 2127 1138 2189 quaa
1162 2109 1199 2169 ab
1222 2109 1270 2170 illa
1293 2110 1349 2171 hac
1374 2122 1436 2172 tan-

261 2216 326 2268 tum
354 2226 386 2267 re
415 2207 528 2288 dillert,
559 2208 636 2287 quod
666 2211 696 2267 in
721 2208 768 2286 fig.
792 2203 1002 2280 ἀνακλάσεως
1026 2207 1142 2268 duobus
1165 2207 1335 2268 hominibus
1360 2228 1436 2287 opus

149 2353 152 2360 .
261 2315 321 2386 cst,
349 2323 476 2384 quorum
506 2324 584 2366 unus
613 2304 736 2366 verbum
765 2305 881 2384 aliquod
911 2308 1070 2385 expromit,
1099 2305 1173 2366 alter
1200 2305 1277 2366 idem
1304 2307 1436 2388 verbum,

262 2406 411 2465 contraria
445 2411 542 2464 tamen
576 2405 790 2483 significatione
823 2406 930 2483 repetit
960 2398 1011 2487 (ei.
1036 2403 1102 2464 Rut.
1127 2399 1197 2464 15:
1229 2406 1287 2465 icoc
1313 2407 1437 2467 schema

259 2507 334 2578 fieri
355 2508 437 2580 solet,
463 2521 530 2563 cuni
555 2505 589 2563 id
610 2505 692 2577 quod
714 2505 753 2563 ab
777 2506 874 2563 attero
898 2505 1012 2563 dictum
1031 2509 1075 2563 est
1094 2520 1153 2563 κοιι
1174 2505 1204 2562 in
1224 2521 1290 2563 euni
1309 2511 1437 2564 mentem

263 2620 342 2676 quoe
366 2603 565 2675 inuitentur,
587 2601 644 2660 sed
666 2603 696 2660 in
721 2603 813 2661 ulium
836 2607 892 2660 out
914 2604 1104 2661 contrarium
1128 2604 1290 2676 accipitur.

351 2697 483 2758 Eandem
507 2692 689 2758 ἀνάκλασιν
713 2697 725 2756 Ι
744 2693 765 2758 5
789 2716 822 2756 ac
847 2692 1014 2777 διαφοράν
1037 2697 1049 2756 Ι
1071 2694 1111 2757 12
1135 2705 1166 2756 et
1184 2700 1436 2778 καρονομασίαν

263 2793 329 2876 13;
357 2795 393 2854 ci.
416 2793 547 2854 cundem
576 2812 664 2872 quem
692 2793 779 2854 modo
809 2796 896 2854 citavi
920 2795 996 2873 apud
1021 2793 1121 2864 Quint.
1146 2794 1243 2854 locum
1267 2793 1308 2855 ΙΧ
1327 2811 1365 2855 ιιι
1385 2793 1437 2857 68.

352 2889 623 2970 παραδιαστολάν
650 2889 703 2952 Ι4
731 2903 761 2953 et
789 2891 1021 2954 συνοικείιοσιν
1049 2892 1075 2952 ΙΙ
1094 2889 1128 2974 9;
1159 2893 1195 2952 cl.
1220 2891 1319 2962 Quint.
1340 2892 1379 2953 ΙΙΙ
1397 2907 1436 2954 ιιι

264 2990 307 3054 64
326 3001 356 3052 et
375 2987 418 3054 65
442 2994 463 3064 (.
479 3040 484 3051 .
502 3039 507 3050 .
524 2993 765 3051 coniunctionem
789 2989 1021 3052 σονοικείωσιν
1045 2997 1163 3064 uocant,
1186 3009 1266 3065 quae
1289 2995 1368 3052 duos
1386 3010 1439 3052 res

265 3094 403 3152 diuersus
427 3093 551 3164 colliqut
648 3091 721 3149 ltuic
745 3091 896 3149 diuersum
919 3093 1022 3149 volunt
1045 3107 1109 3149 ease
1131 3090 1362 3164 distinctionem,
1386 3093 1440 3150 cui

265 3191 340 3248 dunt
366 3205 473 3248 nomen
501 3182 786 3267 παραδιαστολήν,
814 3204 875 3261 quo
898 3189 1008 3246 similia
1033 3188 1265 3259 discernuntur)
1290 3194 1321 3246 et
1343 3189 1438 3266 ipsius

264 3284 367 3345 Rutilii
390 3284 578 3344 definitiones
601 3279 865 3356 ovuotuate‘roemq'
884 3285 956 3355 (λοι
978 3285 1101 3345 schema
1125 3286 1213 3344 docet
1232 3287 1368 3345 diuersus
1388 3304 1439 3346 res

264 3386 452 3457 coniunqere
475 3388 504 3442 et
527 3384 679 3443 communi
700 3385 837 3459 opinioni
858 3400 926 3442 cum
945 3385 1065 3443 ratione
1084 3384 1260 3454 aduersari)
1285 3389 1315 3441 et
1333 3399 1438 3463 παρα·

265 3477 441 3559 διαστολῆς
464 3481 536 3552 (λοι
559 3481 680 3540 schemo
701 3483 807 3556 plures
830 3497 880 3540 res
904 3487 958 3540 aut
981 3481 1059 3539 dues
1082 3497 1161 3554 quae
1185 3482 1326 3540 uidentur
1346 3497 1438 3540 unum

265 3582 324 3639 uim
346 3579 461 3639 tatere
484 3580 633 3652 disiunqit
655 3584 685 3638 et
707 3583 853 3652 quantum
877 3580 989 3638 distent
1011 3579 1122 3650 docet).

264 3749 319 3818 plis
347 3748 422 3804 enim
451 3748 592 3816 utrimque
621 3748 693 3802 duae
721 3746 769 3803 vel
795 3748 890 3818 plures
916 3764 1052 3817 personne
1075 3749 1192 3801 autres
1216 3750 1382 3817 separentur
1406 3766 1439 3804 ao

266 3828 509 3898 contraponuntur
527 3828 600 3882 inter
619 3843 648 3882 se
667 3859 710 3895 -‚
730 3832 838 3897 tamen,
857 3828 886 3882 in
906 3827 1114 3883 delinitionibus
1134 3825 1201 3895 quid
1220 3844 1367 3882 commune
1386 3829 1440 3884 hae

265 3909 338 3964 duae
361 3910 468 3978 figurae
492 3907 565 3961 inter
588 3923 618 3961 ae
641 3907 777 3976 habeant,
802 3907 835 3960 ut
858 3909 933 3976 quod
954 3909 1097 3963 seiunctae
1117 3907 1174 3961 sint
1191 3910 1269 3963 tanto
1289 3909 1440 3964 intervallo

266 3989 375 4056 mirere,
393 4005 451 4042 non
470 3987 566 4042 video:
585 3987 671 4040 etiam
693 3986 890 4055 Quintilianus,
909 3987 958 4042 ubi
975 3986 1075 4042 harum
1095 3987 1246 4057 figurarum
1267 3988 1440 4043 mentionem

265 4069 335 4124 facit
353 4069 391 4122 IX
406 4088 437 4122 ιιι
453 4072 568 4136 92-95,
586 4083 671 4120 unam
690 4085 802 4136 prorsus
822 4066 879 4121 alio
898 4066 982 4121 modo
1002 4066 1100 4121 definit
1118 4069 1203 4135 atque
1218 4067 1345 4123 altarem.
1378 4067 1441 4139 Ego

266 4150 383 4220 figuram
408 4143 592 4215 ditescimus,
621 4146 645 4200 ei
668 4146 781 4216 quidem
806 4149 851 4200 eet
873 4148 975 4217 ligura,
999 4146 1030 4201 id
1053 4147 1127 4216 qnod
1151 4148 1341 4214 Quintilianus
1364 4152 1441 4204 recte

267 4230 430 4297 addubitat,
454 4227 490 4282 iis
513 4226 737 4296 subiungendum
760 4228 856 4297 figuris
880 4227 1052 4298 putaverim,
1076 4243 1147 4297 quea
1171 4229 1304 4284 antitheti
1325 4231 1440 4285 nomine

267 4309 552 4379 comprehendentem
576 4306 676 4361 eodem
698 4323 765 4361 vero
789 4305 840 4361 illa
862 4309 953 4362 ultera
975 4309 1066 4376 figura
1083 4307 1322 4378 προσαποδότεως
1340 4309 1442 4364 referri

266 4391 345 4444 nullo
368 4387 451 4444 modo
470 4390 576 4457 potest,
600 4393 632 4442 ut
649 4388 695 4443 vel
714 4388 779 4442 inde
799 4386 908 4443 eluceat
927 4387 1026 4443 similis
1044 4386 1155 4456 generis
1174 4388 1226 4442 has
1245 4388 1314 4443 duaa
1333 4389 1439 4459 figurae

266 4485 324 4523 non
342 4486 409 4524 esse.
