3068 5028
563 329 782 392 ..33-

2 583 3 598 ,
176 508 308 587 lienique
332 510 470 587 propriae
493 508 619 586 Gorgiae
644 511 704 568 sive
724 508 827 568 Rutilii
852 516 922 567 sunt
945 525 1041 585 neque
1066 506 1142 585 apud
1167 506 1257 566 alium

2 639 3 642 ¹
87 625 265 687 quemquam
290 606 393 666 eodem
418 606 504 668 modo
528 604 689 685 appellatae
714 605 911 684 delinitaequc
935 612 1053 665 exstant
1073 604 1126 664 hae
1146 605 1258 682 figurae

1 686 3 758 ἶ
87 705 243 766 tredecim:
894 713 896 719 '

2 869 3 876 ,
177 800 423 884 παραδιασιολή
438 802 525 881 Gorg.
541 796 623 885 (uui.
638 801 650 861 Ι
665 797 715 883 4);
734 796 913 874 ἀνάκλασις
929 801 941 861 Ι
956 797 990 881 53
1008 797 1259 862 πολοσύνδειον

2 887 3 958 J
86 901 98 961 l
127 899 180 982 143
216 896 416 982 παρένθεοις
443 900 455 960 Ι
482 898 537 980 ΙΙ;
573 899 801 980 ιιαρομολογία
828 898 841 957 Ι
869 896 921 980 19;
958 894 1139 976 ἀναγκαῖον
1166 897 1179 957 Ι
1203 894 1258 976 2ος

2 1005 3 1028 l
87 996 262 1079 μετάβασις
282 997 307 1057 ΙΙ
331 999 360 1080 13
384 995 591 1076 δικαιολογία
610 997 635 1057 ΙΙ
652 995 685 1078 33
709 994 913 1078 βραχυλογία
931 993 957 1055 ΙΙ
973 993 1007 1076 83
1032 995 1260 1067 συνοικιίωσις

2 1123 3 1172 l
87 1097 113 1156 ΙΙ
137 1094 172 1176 9;
193 1095 380 1177 παρόμοιον
403 1095 428 1155 ΙΙ
451 1093 505 1176 133
527 1094 695 1176 παρρησία
718 1094 744 1155 ΙΙ
765 1091 819 1175 18;
842 1090 932 1168 τάξις
954 1093 980 1153 ΙΙ
999 1088 1083 1176 20))

176 1190 312 1273 Adparet
339 1196 432 1271 igitur
459 1193 535 1272 apud
561 1194 742 1254 Graecorum
770 1194 944 1272 posterioris
973 1194 1077 1252 aetatis
1105 1192 1259 1252 rhetorum

2 1359 3 1364 ἵ
88 1294 140 1371 qui
169 1293 278 1370 ligurus
307 1299 509 1352 tractaverunt
535 1291 648 1373 nullum
673 1293 795 1370 vestigia
819 1290 927 1370 quibus
952 1290 987 1350 ad
1012 1290 1149 1369 Gorgiam
1172 1291 1260 1349 duca-

87 1409 156 1450 mur
185 1408 271 1468 posse
300 1389 496 1468 deprehendi,
524 1397 558 1449 ut
585 1408 622 1449 ne
650 1390 758 1450 horum
786 1389 905 1468 quidem
935 1388 1003 1448 libri
1031 1387 1089 1448 ulla
1113 1391 1143 1448 in
1167 1407 1200 1448 re
1224 1388 1259 1448 ad

86 1488 338 1568 investigandum,
371 1506 446 1565 quae
478 1487 547 1548 libri
579 1487 721 1549 Rutiliani
752 1489 880 1566 genuina
913 1488 1003 1547 lirerit
1036 1487 1142 1567 lorma,
1174 1485 1260 1546 nohis

2 1601 3 1620 ²
88 1586 289 1647 emolumento
313 1580 416 1668 sint.²)

180 1799 206 1862 1)
226 1792 329 1847 lisdem
349 1792 450 1861 quibus
470 1809 554 1862 supra
573 1792 608 1847 de
628 1793 717 1848 causis
736 1791 819 1846 omisi
836 1792 867 1846 in
884 1809 919 1846 ea
933 1791 1143 1861 comparatione
1157 1792 1261 1862 figuras

86 1871 308 1946 οἷοιιμειαβολῆς
325 1869 481 1941 ἠθοποιίας
501 1869 724 1942 ὁμοιοιελεύιοο.

177 1956 204 2022 2)
225 1955 308 2008 Omni
324 1953 413 2024 igitur
431 1953 461 2007 in
479 1970 508 2007 re
525 1953 646 2024 Gorgiae
665 1954 723 2009 sive
738 1952 839 2008 Rutilii
853 1952 998 2008 schemata
1012 1953 1105 2008 lexeos
1119 1952 1260 2007 discedere

85 2053 103 2088 a
128 2033 229 2088 ceteris
254 2033 303 2102 qni
324 2035 424 2104 postea
443 2035 514 2088 hunc
533 2033 683 2089 materiam
700 2035 895 2088 tractaverunt
913 2050 947 2087 ex
965 2035 1028 2087 tota
1046 2034 1098 2088 hac
1118 2049 1261 2102 compara·

83 2116 164 2168 tione
188 2113 258 2166 satis
282 2130 418 2182 superque
442 2115 542 2170 elucet.
583 2113 639 2168 Sed
663 2113 818 2184 quaeritur,
842 2131 909 2167 num
932 2129 1031 2167 revera
1054 2114 1166 2167 omnino
1191 2113 1262 2168 adeo

84 2194 259 2262 singularem
281 2193 373 2247 locum
399 2194 490 2261 qualis
509 2196 605 2264 potest
623 2192 716 2248 videri
735 2210 769 2247 ex
788 2211 822 2247 sa
841 2194 1051 2262 comparatione
1069 2192 1136 2247 illae
1155 2194 1261 2262 figurae

85 2272 243 2326 obtineant.
282 2273 373 2338 Quam
395 2274 431 2328 ad
450 2273 663 2343 disceptandam
681 2272 926 2342 quaestiunculam
945 2273 1058 2327 easdem
1076 2272 1180 2342 figuras
1199 2290 1262 2326 cum

84 2352 120 2405 iis
139 2352 188 2421 qui
209 2354 274 2407 ante
289 2353 455 2418 Quintiliani
473 2355 596 2408 aetatem
617 2371 665 2408 seu
684 2371 740 2408 non
759 2354 849 2408 multo
869 2354 934 2406 ants
950 2351 1085 2420 Gorgiam
1099 2369 1147 2406 seu
1161 2351 1261 2406 iisdem

84 2432 145 2485 fere
171 2431 272 2501 quibus
295 2430 344 2486 ille
364 2432 477 2502 scripsit
494 2434 666 2502 temporibus
686 2431 836 2502 defigeris
857 2434 986 2501 egerunt,
1010 2448 1128 2500 qnorum
1148 2431 1260 2504 quidem

83 2511 172 2565 libros
202 2510 362 2566 etiamnunc
390 2513 419 2566 in
446 2514 575 2568 manibus
604 2514 753 2580 habemus,
784 2512 893 2567 scilicet
920 2529 983 2566 curn
1011 2511 1118 2566 incerto
1147 2515 1262 2566 auctore

3 2609 4 2618 ¹
81 2589 288 2646 rhetoricorum
310 2593 346 2645 ad
364 2593 536 2647 Herennium
554 2611 587 2647 ac
607 2609 669 2648 cum
684 2590 825 2662 Cicerone,
846 2591 923 2647 cuius
943 2591 1057 2660 quidem
1076 2593 1129 2647 soli
1148 2593 1182 2645 de
1203 2609 1261 2646 ora-

3 2673 4 2680 ’
83 2673 148 2724 tore
172 2669 238 2724 libri
260 2673 334 2726 hanc
358 2672 388 2726 in
405 2674 516 2742 partem
533 2672 749 2742 introspiciendi
768 2673 845 2742 sunt,
871 2673 1001 2727 accurate
1021 2671 1133 2727 contuli.
1172 2670 1261 2736 Quam

84 2750 326 2820 comparationem
355 2769 466 2806 omnem
494 2754 547 2807 hoc
574 2753 636 2808 loco
662 2769 765 2822 ponere
790 2752 970 2822 supersedere
992 2768 1119 2821 possum:
1146 2754 1179 2805 ut
1202 2750 1261 2805 eius

3 2821 5 2878 ἶ
82 2848 223 2885 summam
246 2829 363 2901 faciam,
388 2833 493 2886 multas
515 2834 619 2901 figuras
642 2824 829 2902 vulgatiores,
853 2850 922 2901 quas
941 2830 1064 2885 Rutilius
1081 2830 1181 2898 habet,
1204 2831 1262 2900 legi

83 2911 174 2965 etiam
197 2912 272 2982 apud
291 2913 364 2966 auct.
384 2913 421 2966 ad
439 2912 503 2967 Her.
524 2910 741 2981 Ciceronemque
762 2911 866 2965 nullius
885 2916 960 2965 certe
979 2911 1115 2964 momenti
1133 2915 1184 2966 est.
1221 2912 1262 2966 Ac

81 3008 121 3044 ne
145 2991 176 3044 id
200 2992 325 3061 quidem,
351 2992 425 3061 quod
448 2991 543 3060 plures
567 2993 673 3062 figurae
698 2992 860 3061 ceteroquin
880 3007 961 3046 rarae
980 2990 1086 3046 ibidem
1104 2994 1262 3060 occurrunt,

3 3135 4 3140 ἵ
80 3069 207 3124 multum
224 3072 328 3126 referre
347 3073 425 3141 puto.
459 3071 534 3125 Illud
552 3090 619 3128 vero
637 3073 835 3142 gravissimum
850 3072 953 3141 iudico,
973 3072 1047 3140 quod
1061 3073 1165 3142 figuras
1180 3088 1261 3139 quas-

3 3181 4 3196 t
82 3151 167 3219 dem,
186 3168 273 3219 quus,
293 3155 410 3221 excepto
429 3151 562 3208 videlicet
581 3152 756 3218 Quintiliano
777 3153 963 3222 carminisque
983 3152 1018 3205 ds
1037 3153 1136 3222 figuris
1154 3153 1262 3207 incerto

82 3236 214 3300 auctore,
239 3233 313 3301 apud
336 3233 445 3286 nullum
469 3234 582 3287 omnino
605 3235 792 3304 posteriorum
811 3235 955 3287 rhetorum
973 3232 1118 3302 leguntur,
1143 3232 1261 3303 Gorgias

3 3327 4 3344 ι
86 3311 150 3366 sive
168 3311 294 3366 Rutilius
313 3329 473 3367 communes
492 3312 599 3367 hubent
618 3331 682 3368 cum
700 3313 814 3368 auctore
834 3313 871 3366 ad
886 3314 948 3368 Her.
966 3329 998 3366 ac
1013 3312 1154 3381 Cicerone,
1174 3313 1262 3368 veluti

81 3389 298 3460 προοαιιὸὃοσιν
322 3392 459 3463 μερισμόν
483 3394 677 3463 δικαιολογίαν
701 3396 891 3466 βραχυλογίαν
914 3391 1002 3458 τάξιν.
1043 3392 1189 3462 Valdeque
1213 3394 1261 3448 ob-

3 3473 5 3536 Ϊ
82 3473 256 3526 servandum
285 3473 355 3527 mihi
380 3473 491 3528 videtur
514 3473 617 3528 Rutilii
638 3474 787 3528 verborum
811 3475 914 3544 figuras
937 3470 1179 3542 παρασιωπήσεως
1202 3468 1261 3526 ἔπι-

81 3555 192 3620 τροιιῆς
206 3550 385 3623 αἰτιολογίας,
402 3571 473 3628 quae
487 3556 588 3624 postea
600 3554 797 3609 tantummodo
812 3555 886 3608 iuter
895 3553 1027 3608 dianoeas
1042 3555 1187 3607 schemate
1197 3557 1262 3607 sunt

81 3632 216 3699 habitae,
244 3632 273 3686 in
297 3633 419 3688 auctoris
443 3634 479 3688 ad
503 3633 568 3688 Her.
588 3632 786 3704 Ciceronisque
809 3634 889 3688 libris
912 3650 1053 3703 peraeque
1078 3636 1162 3700 alque
1186 3634 1261 3703 apud

81 3712 181 3782 ipsum
195 3711 331 3766 Rutilium
350 3714 425 3768 inter
442 3714 535 3768 lexeos
555 3715 700 3769 schemata
719 3714 885 3769 enumerari.
919 3714 1160 3779 Quemadmodum
1175 3713 1262 3782 igitur

81 3791 211 3847 auctoris
235 3792 271 3845 ad
292 3793 358 3848 Her.
378 3796 581 3850 rhetoricorum
605 3794 693 3849 libros
718 3797 851 3863 quattuor
874 3797 903 3850 st
927 3793 1068 3849 Ciceronis
1093 3794 1127 3848 de
1151 3797 1261 3849 oratore

81 3872 175 3927 libros
198 3877 255 3926 tres
278 3874 340 3925 tum
361 3874 507 3943 utriusque
530 3873 596 3930 libri
619 3892 667 3929 eas
689 3874 869 3943 potissimum
888 3876 996 3944 partes,
1020 3874 1140 3944 quaein
1159 3875 1261 3928 descri-

81 3953 188 4007 bendis
202 3952 299 4020 figuris
313 3958 470 4024 versantur,
485 3954 660 4026 cognationis
675 3957 797 4025 quodam
811 3955 923 4010 vinculo
938 3971 999 4010 esse
1015 3955 1178 4010 coniunctas
1188 3954 1262 4009 inter

83 4050 150 4088 sese
174 4049 192 4087 a
214 4033 282 4088 uiris
302 4034 420 4088 eruditis
439 4035 624 4105 iampridem
643 4038 780 4090 statutum
800 4037 858 4105 est,
881 4034 922 4088 sic
941 4033 1062 4104 Gorgiae
1082 4036 1142 4090 sive
1159 4035 1262 4089 Rutilii

4 4125 5 4190 γ
81 4115 205 4183 figuras,
229 4130 311 4181 quas,
331 4113 380 4182 qui
399 4113 490 4170 adhuc
508 4115 537 4169 in
557 4115 695 4170 Rutilium
713 4115 897 4185 inquisivere,
916 4116 994 4170 velut
1011 4114 1123 4170 Dnialas
1143 4117 1173 4170 et
1190 4114 1260 4170 Dra-

82 4193 178 4263 heim,
204 4210 318 4264 prorsus
346 4195 517 4264 singularem
546 4194 672 4251 obtinere
695 4197 788 4250 locum
811 4197 867 4250 rati
890 4197 968 4266 sunt,
996 4194 1115 4250 fontium
1140 4196 1261 4265 quadam

4 4265 5 4320 Ϊ
85 4273 284 4330 communione
303 4275 437 4330 accedere
455 4276 491 4329 ad
510 4275 633 4330 auctoris
652 4277 687 4330 ad
702 4277 766 4331 Her.
782 4279 810 4330 et
825 4276 965 4332 Ciceronis
984 4276 1087 4345 figuras
1106 4294 1162 4331 non
1180 4293 1261 4346 posse

83 4352 187 4423 negari
205 4354 302 4410 credo:
322 4371 491 4425 quamquam
511 4357 607 4424 quales
626 4355 657 4410 hi
675 4355 729 4427 ipsi
751 4355 855 4410 luerint
871 4356 973 4425 fontes,
993 4358 1070 4410 certa
1084 4358 1261 4424 argumenta-

84 4431 167 4488 tione
186 4433 314 4504 indaguri
333 4435 380 4488 vix
397 4434 510 4505 poterit.

141 4533 349 4576 Commentationss
363 4536 478 4576 Isnenses.
508 4535 547 4576 VI.
1031 4530 1047 4578 3
