3068 5028
730 299 943 365 ,38-

258 485 365 545 t'tcero
394 485 474 544 inter
500 485 615 543 lamina
635 485 737 558 posuit
758 485 977 543 sententiarum
1000 486 1094 542 malta
1119 486 1182 543 alta
1206 489 1236 543 et
1259 485 1337 543 idem
1362 484 1433 543 ltu-
1529 477 1530 482 ’

256 585 338 642 tilius
365 582 502 654 Goraiaa
529 588 664 653 secutas,
691 598 751 640 aaa
780 583 862 640 illam
886 579 1065 641 Leontinum
1091 583 1148 640 sed
1169 584 1262 642 allam
1285 584 1335 641 sai
1357 587 1437 641 tem·

253 681 352 760 poris,
381 682 468 738 cuias
491 685 636 753 quattuor
659 679 752 739 libros
776 680 807 738 la
831 695 937 738 anam
959 695 1047 737 suam
1071 681 1239 752 transtulit,
1263 685 1293 739 et
1319 679 1438 758 Celsus,

257 779 397 836 videlicet
418 775 533 837 Rutilio
558 779 717 849 accedens,
737 782 907 851 posuerant
929 777 1129 836 schemata..
1175 774 1233 834 Per
1256 793 1321 834 sese
1346 778 1437 854 quasi

256 872 439 951 intellegitur
463 891 523 932 non
547 873 697 933 offendere
721 890 767 932 me
791 875 821 932 in
846 891 889 952 eo,
914 871 1002 952 quod,
1026 871 1201 942 Quintiliani
1224 871 1381 932 lectionem
1405 874 1435 932 si
1530 953 1531 960 ἵ

258 988 423 1049 servamus,
453 989 512 1030 1116
540 969 617 1030 libro
646 970 682 1031 de
709 978 836 1048 utroque
860 971 1021 1048 figurarum
1046 988 1155 1048 genere
1179 969 1308 1030 Rutilius
1332 972 1435 1048 egisse

257 1068 434 1129 statuendus
458 1076 516 1148 est,
545 1087 612 1128 cum
636 1067 682 1127 vel
706 1067 756 1127 alii
778 1067 915 1128 rhetores
938 1067 1053 1147 plures,
1080 1067 1161 1127 velut
1185 1075 1289 1128 auctor
1312 1068 1347 1127 ad
1371 1067 1433 1128 lle-

257 1169 404 1244 rennium,
423 1165 528 1245 Aquila
545 1166 702 1243 Romanus,
724 1165 871 1247 Tiberius,
890 1165 1086 1245 Herodianus,
1104 1165 1246 1243 Zonaeus,
1266 1183 1436 1244 anonymus

256 1257 332 1341 περὶ
359 1271 426 1325 τῶν
452 1259 629 1344 σχημάτων
651 1262 839 1342 τοῦλόγου
863 1281 923 1323 116
946 1263 1022 1323 libro
1047 1281 1142 1341 genus
1167 1270 1327 1342 utrumque
1351 1281 1435 1322 corn-

258 1362 336 1442 plexi
356 1364 424 1421 sint.
461 1364 502 1421 116
522 1379 626 1440 parum
646 1363 760 1421 munita
781 1361 852 1421 mibi
872 1363 917 1421 via
937 1360 1131 1438 videturque
1151 1359 1267 1420 Abrens
1287 1378 1321 1420 eo
1341 1363 1436 1441 venit,

259 1469 292 1521 ut
311 1477 409 1519 veram
429 1477 494 1518 esse
515 1477 578 1519 eam
598 1458 755 1520 lectionem
772 1452 1438 1542 6111111161(νί116Ζ61166111.11111843,

255 1578 283 1637 p.
304 1551 397 1640 158):
421 1575 517 1635 neque
542 1559 622 1617 enim
646 1566 700 1637 est,
724 1557 803 1635 quod
828 1555 990 1616 abhorrere
1014 1555 1050 1616 ab
1075 1575 1132 1616 usu
1151 1556 1270 1618 dicendi
1288 1576 1322 1617 66
1342 1557 1434 1618 verba

256 1702 288 1716 ..
311 1660 343 1716 la
375 1673 469 1716 anam
500 1673 587 1716 stram
619 1659 775 1715 transtulit
802 1654 974 1734 credamus,
1006 1672 1062 1715 166
1091 1656 1163 1714 satis
1191 1655 1344 1737 intellego,
1376 1674 1436 1715 cur

257 1771 382 1834 prorsus
402 1751 627 1831 improbabilem
647 1751 695 1812 ille
715 1751 794 1812 dicat
813 1752 988 1812 divisionem
1008 1751 1053 1812 bis
1075 1753 1190 1832 iactam,
1210 1771 1285 1831 quae
1302 1753 1435 1834 quidem,

258 1856 322 1912 'eam
347 1851 506 1911 lectionem
530 1851 557 1909 si
580 1852 758 1929 retinemus,
786 1849 941 1909 statuenda
967 1858 1025 1910 est:
1053 1857 1116 1910 turn
1140 1849 1278 1910 videlicet
1301 1853 1344 1911 sic
1368 1868 1435 1910 rem

257 1949 406 2029 explicare
435 1947 591 2029 debemus,
620 1955 654 2007 ut
681 1949 779 2024 ipsum
803 1944 947 2007 Rutilium
976 1949 1007 2006 in
1037 1965 1130 2006 unum
1158 1947 1266 2007 librum
1292 1955 1435 2026 quattuor
1532 2017 1533 2022 η

257 2047 383 2125 Gorgiae
407 2045 499 2105 libros
523 2044 720 2124 transtulisse,
745 2044 796 2104 sed
822 2045 997 2121 posterioris
1021 2048 1125 2105 aetatis
1145 2045 1265 2105 doctum
1285 2047 1435 2125 quendam

257 2146 407 2205 bominem
440 2145 651 2222 respicientem
685 2143 810 2202 fortasse
844 2141 931 2223 illud,
964 2142 1043 2220 quod
1073 2142 1274 2213 Quintilianus
1306 2152 1436 2204 testatur

258 2251 399 2322 quattuor
429 2241 522 2302 luisse
546 2241 672 2320 Gorgiae
695 2240 801 2320 libros,
829 2240 909 2300 bunc
934 2258 1027 2300 uuum
1051 2239 1155 2300 Rutilii
1178 2240 1287 2302 librum
1311 2259 1436 2302 rursum

257 2343 289 2401 in
322 2348 463 2418 quattuor
495 2339 588 2399 libros
617 2339 753 2400 divisisse
782 2338 956 2398 iudicemus.
1008 2337 1065 2397 Sed
1095 2337 1149 2398 alia
1179 2338 1216 2398 de
1244 2357 1332 2399 causa
1361 2339 1437 2400 mibi

259 2439 398 2499 videntur
426 2437 500 2497 baec
528 2436 618 2497 verba
641 2438 705 2514 ipsa
729 2435 916 2514 corruptelae
941 2437 1070 2514 speciem
1094 2454 1165 2514 prae
1190 2455 1221 2496 se
1246 2437 1333 2498 16116.
1379 2436 1437 2497 Τ6-

259 2543 356 2598 616111
390 2534 504 2596 66111661
532 2533 732 2605 Quimilianus
766 2533 925 2593 translatos
956 2552 971 2593 a
1000 2533 1110 2594 Rutilio
1138 2533 1263 2613 Gorgiae
1293 2544 1437 2615 quattuor

258 2635 351 2695 libros
379 2651 454 2694 esse.
501 2633 559 2693 Sed
589 2635 760 2712 quicunque
789 2633 958 2692 accinctius
986 2633 1199 2711 introspexerit
1222 2633 1302 2693 bunc
1326 2633 1437 2716 locum,

259 2737 287 2794 ei
315 2731 363 2793 ille
391 2750 449 2792 non
474 2733 584 2808 poterit
608 2749 667 2790 non
691 2729 785 2790 videri
808 2729 914 2790 iisdem
938 2729 1038 2790 verbis
1061 2735 1149 2791 caius
1172 2738 1318 2807 quattuor
1340 2734 1438 2794 libros

260 2836 290 2892 ln
318 2846 411 2890 anam
439 2845 526 2888 saara
554 2831 712 2888 transtulit
738 2828 906 2906 significare
931 2830 961 2887 in
985 2827 1106 2889 brevius
1131 2837 1302 2889 contractos
1326 2849 1392 2890 esse
1420 2850 1436 2890 a

259 2927 371 2990 Rutilio
399 2925 466 2986 illos
490 2925 615 3004 Gorgiae
645 2925 751 2986 libros:
780 2945 847 2986 nam
871 2943 958 2986 nemo
982 2935 1064 2986 certe
1089 2926 1260 3005 opinabitur
1282 2930 1313 2987 in
1338 2936 1437 2988 trans-

260 3025 383 3087 ferendo
405 3023 559 3103 Rutilium,
583 3041 779 3102 quaecunque
804 3023 881 3102 apud
902 3023 1040 3101 Gorgiam
1064 3026 1095 3083 in
1120 3032 1261 3103 quattuor
1286 3024 1437 3086 volumina

260 3125 414 3203 dispertita
443 3120 578 3200 legisset,
611 3139 644 3180 66
673 3124 725 3202 ita,
755 3129 788 3182 111
817 3121 992 3182 divisionem
1021 3129 1136 3181 tantum
1165 3121 1244 3182 illam
1273 3125 1437 3205 omitteret,

260 3224 370 3300 figuras
394 3238 464 3280 vero
488 3220 736 3298 definitionesque
761 3237 864 3280 omnes
888 3237 922 3280 ac
947 3228 1054 3280 611616
1074 3219 1207 3298 exempla
1227 3222 1381 3303 retineret,
1405 3225 1437 3282 in

262 3338 354 3381 unum
382 3318 520 3379 volumen
549 3319 696 3396 coegisse:
726 3328 776 3378 aut
804 3317 840 3376 de
869 3318 997 3396 epitome
1027 3326 1077 3376 aut
1101 3316 1137 3376 de
1162 3321 1311 3396 excerptis
1335 3321 1360 3378 is
1385 3323 1437 3398 qui

261 3415 426 3496 simplicem
453 3418 484 3475 in
514 3415 635 3476 modum
662 3414 834 3492 intellegere
863 3432 896 3474 ea
926 3413 1015 3474 rerba
1045 3414 1121 3474 volet
1150 3416 1280 3493 cogitare
1305 3415 1437 3480 debebit.

262 3517 298 3575 111
330 3514 386 3574 1616
420 3513 490 3592 quid
518 3532 589 3573 num
618 3513 694 3572 forte
723 3511 875 3590 probabile
904 3507 970 3571 est‘l
1023 3511 1125 3589 Neque
1153 3513 1183 3571 in
1213 3511 1437 3575 delinitionibus

262 3614 424 3691 figurarum
453 3608 557 3670 Rutilii
589 3628 687 3688 neque
715 3612 746 3669 in
775 3609 978 3688 exemplorum
1008 3627 1133 3668 numero
1162 3611 1327 3687 requiritur
1354 3614 1437 3690 quic-

262 3728 350 3789 quam
379 3741 421 3754 -—
451 3707 516 3767 vide
551 3725 626 3786 quae
655 3707 757 3767 eadem
786 3707 822 3766 dc
851 3726 882 3766 re
911 3706 968 3767 alio
996 3708 1210 3767 sententiarum
1239 3725 1317 3766 nexu
1345 3725 1437 3787 supra

262 3809 387 3886 exposui
411 3827 467 3886 -3
495 3823 587 3884 quare
615 3808 714 3884 ipsum
737 3804 875 3882 Gorgiam
904 3804 1055 3883 aliquanto
1084 3802 1169 3881 plura
1197 3802 1286 3863 verba
1315 3803 1352 3863 de
1377 3807 1436 3865 sin-

262 3904 340 3984 gulis
372 3905 476 3982 liguris
506 3903 613 3963 iecisse
641 3902 786 3981 pluraque
814 3904 951 3981 posuisse
980 3901 1113 3980 exempla
1141 3900 1264 3961 credere
1293 3910 1436 3963 vetamur.

262 4005 304 4064 Ac
337 4017 515 4081 quamquam
548 4001 583 4060 ad
613 4019 701 4061 unam
730 4018 833 4061 omnes
861 4001 971 4079 figuras
1000 3999 1157 4059 translatas
1185 4015 1251 4058 esse
1280 4017 1296 4057 6
1325 3999 1436 4062 Rutilio

264 4102 355 4162 certis
379 4099 563 4177 argumentis
587 4095 775 4176 comprobari
798 4098 916 4177 nequit,
940 4096 1047 4157 multas
1072 4107 1168 4156 tamen
1193 4096 1229 4156 ab
1253 4114 1288 4156 eo
1309 4100 1437 4160 'omissas

264 4215 330 4258 esse
354 4229 396 4240 —
422 4194 479 4256 1616
503 4194 574 4274 quid
599 4201 698 4254 611611
722 4194 872 4272 postulant
896 4213 929 4254 ea
949 4193 1123 4266 Quintiliani
1142 4193 1230 4254 verba
1250 4227 1293 4236 —
1312 4213 1438 4273 prorsus

263 4293 439 4356 incredibile
473 4300 532 4353 est:
566 4299 647 4352 certe
680 4293 706 4350 si
738 4310 811 4372 quas
844 4294 953 4370 figuras
986 4295 1105 4352 omnino
1138 4292 1280 4352 voluisset
1309 4292 1438 4356 Rutilius

266 4395 414 4472 omittere,
437 4408 501 4450 1166
525 4391 671 4451 sententia
696 4407 746 4450 eas
769 4391 957 4468 potissimum
978 4393 1136 4466 omisisset,
1161 4391 1326 4470 quecquid
1347 4395 1437 4473 signi-
