3068 5028
711 355 930 418 -14-

236 556 338 599 errore
362 540 474 599 versari
497 540 555 599 iam
574 537 711 598 Draheim
735 536 866 596 ostendit
888 554 915 614 p.
931 533 961 617 2,
986 535 1221 616 quiapndRut.
1242 533 1327 597 1116
1349 555 1409 597 non

235 637 271 696 de
295 645 423 716 utroque
446 655 564 718 genere,
589 635 640 696 sed
660 636 696 695 de
715 652 896 713 unoquoque
915 634 975 694 dici
994 652 1048 694 nec
1069 642 1211 713 quattuor
1230 633 1272 694 ibi
1291 652 1409 714 genera,

235 753 361 813 quorum
386 737 515 812 primum
539 744 568 795 et
592 733 717 794 alterum
742 734 803 792 sint
826 733 1051 814 sententiarum,
1075 734 1198 794 tertium
1220 743 1250 793 et
1269 739 1410 812 quartum

236 831 407 913 verborum,
440 833 492 892 sed
526 834 582 892 tria
616 829 833 912 tantummodo,
866 837 928 890 tres
956 829 1070 891 scilicet
1099 833 1184 909 quasi
1213 833 1329 909 species
1358 833 1411 890 nni

234 930 337 1007 generi
366 931 453 1009 eique
481 922 659 989 ἀντιθέτου
687 928 800 1006 figurae
829 927 1018 988 verborum
1044 928 1217 990 subiunctas
1241 931 1412 989 enumerari

234 1033 316 1087 recte
340 1027 556 1087 animadvertit

324 1122 522 1184 Vehementer
550 1121 642 1201 dolet,
674 1129 819 1200 quantum
847 1124 946 1204 video,
979 1123 1091 1185 Dzialas
1120 1144 1147 1205 p.
1167 1122 1223 1200 37,
1253 1125 1332 1205 quod
1361 1126 1410 1187 de-

235 1230 400 1282 monstrare
429 1223 534 1301 nequit
562 1222 650 1280 etiam
679 1220 790 1297 llgurae
814 1216 998 1300 ἀναγκαίου
1022 1219 1097 1283 120
1121 1242 1214 1301 genus
1239 1232 1411 1303 utrumque,

235 1319 313 1399 quod
337 1329 415 1380 teste
435 1317 617 1389 Quintiliano
637 1316 766 1378 Rutilius
787 1321 896 1399 posuit,
920 1319 1005 1379 nobis
1025 1339 1091 1380 esse
1111 1331 1274 1381 servatum:
1298 1339 1335 1380 ne
1354 1319 1411 1380 hac

235 1417 355 1496 quidem
375 1417 470 1496 ligura
490 1418 534 1477 uti
552 1414 622 1477 licet
641 1417 691 1495 ita,
710 1424 744 1477 ut
762 1417 820 1476 nisi
839 1419 1065 1494 epitomatorem
1083 1421 1233 1479 neminem
1252 1419 1325 1478 adeo
1345 1420 1410 1479 sine

237 1519 350 1577 ratione
369 1517 502 1594 potuisse
522 1515 632 1593 figuras
651 1517 844 1574 commiscere
865 1514 1016 1593 probetur.
1054 1515 1239 1597 Quamquam
1255 1519 1334 1577 enim
1350 1516 1410 1576 duo

236 1633 306 1674 sane
330 1613 372 1674 ihi
396 1612 528 1691 exempla
553 1614 647 1690 posita
672 1622 750 1691 sunt,
774 1612 846 1672 haec
869 1621 967 1673 tamen
992 1616 1081 1674 unius
1101 1625 1188 1693 atque
1209 1614 1341 1674 eiusdem
1362 1634 1412 1692 ge-

234 1714 315 1772 neris
343 1731 410 1772 esse
439 1713 561 1790 adparet
589 1728 685 1789 neque
713 1713 871 1789 quicquam
895 1713 925 1770 in
950 1713 1012 1790 ipsa
1037 1712 1209 1797 delinitione
1234 1713 1269 1772 de
1294 1713 1413 1772 duobus

234 1809 395 1888 generibus
423 1808 546 1889 legitur,
575 1808 626 1868 sed
656 1808 691 1869 de
721 1806 817 1867 trihus
845 1811 944 1886 potius
972 1811 1024 1870 uni
1049 1814 1151 1888 generi
1175 1809 1355 1888 subiunctis,
1385 1815 1411 1870 si

234 1908 353 1986 qtridem
383 1909 446 1986 ipse
469 1905 599 1966 Rutilius
628 1905 773 1965 eiusmodi
803 1907 888 1985 quasi
916 1909 1031 1984 species
1057 1907 1114 1968 hoc
1139 1908 1202 1968 loco
1226 1908 1412 1986 distinguere

234 2004 324 2066 voluit
354 2007 463 2077 (omnis
491 2008 556 2064 eius
584 2007 698 2064 utilitas
730 2006 761 2063 io
785 2021 819 2064 eo
843 2011 899 2079 est,
927 2023 996 2066 cum
1019 2009 1154 2067 volumus
1178 2009 1336 2067 ostendere
1359 2027 1413 2067 ne-

233 2105 444 2164 cessitudinem
478 2109 532 2162 out
564 2109 697 2162 naturae
729 2109 784 2161 out
816 2107 957 2179 temporis
988 2110 1042 2164 out
1070 2107 1202 2164 alicuius
1225 2107 1410 2181 personae):

236 2201 315 2279 quod
340 2218 432 2262 arnum
456 2218 550 2279 genus
574 2200 750 2259 elocutionis
775 2218 840 2258 esse
864 2219 900 2259 ex
924 2198 1024 2270 Quint.
1045 2200 1084 2260 lX
1102 2217 1141 2262 111
1161 2198 1202 2262 99
1227 2201 1332 2276 elucet,
1357 2202 1409 2263 ubi

234 2299 327 2376 figura
354 2292 537 2376 ἀναγκαίου
560 2296 753 2357 antecedente
778 2299 855 2357 sicut
879 2298 956 2375 apud
980 2298 1048 2359 Rut.
1073 2317 1160 2378 quem
1186 2317 1240 2359 nos
1264 2298 1410 2360 habemus

234 2396 328 2473 figura
351 2393 613 2474 παρομολογίας,
637 2402 781 2474 sequente
805 2391 984 2474 ἠθοποιίας
1006 2399 1084 2457 inter
1108 2396 1266 2457 verborum
1291 2398 1410 2477 figuras,

234 2512 283 2552 eas
308 2503 405 2554 tamen
427 2511 500 2572 quas
518 2495 582 2572 ipse
601 2490 801 2562 Quintilianus
821 2503 871 2554 aut
891 2495 1105 2555 sententiarum
1125 2496 1224 2574 potius
1244 2503 1294 2554 aut
1313 2495 1411 2555 nullas

235 2601 351 2674 censet,
374 2600 575 2653 enumeratur.

315 2684 357 2771 d)
381 2690 424 2750 Ne
444 2698 582 2768 quartum
603 2688 723 2768 quidem
741 2687 877 2748 Dziaiasii
896 2699 1104 2766 argumentum
1124 2694 1196 2753 satis
1216 2693 1334 2753 firmum
1353 2700 1410 2752 est.

234 2788 365 2848 Tametsi
393 2791 470 2849 enirn
500 2787 631 2848 concedo
659 2805 692 2846 ea
722 2806 797 2867 quae
826 2787 862 2847 de
890 2806 1035 2866 personae
1059 2789 1189 2850 fictionis
1213 2791 1307 2868 figura
1331 2791 1411 2869 apud

234 2885 334 2957 Quint.
353 2885 394 2945 lll
412 2901 450 2947 111
471 2882 512 2947 89
541 2885 681 2963 leguntur
709 2885 745 2946 ad
772 2884 917 2946 Rutilium
945 2888 1132 2965 potissimum
1162 2896 1310 2969 spectare,
1338 2889 1412 2948 haec

234 2994 333 3044 tamen
362 2983 450 3044 verba
475 2983 516 3044 nil
541 2982 620 3043 aliud
645 2982 701 3043 sihi
726 2982 799 3042 velle
823 2985 896 3044 mihi
921 2985 1059 3045 videntur
1083 2985 1168 3063 plane
1192 2984 1356 3064 simplicem
1381 2988 1412 3044 in

235 3082 355 3141 modum
384 3099 418 3140 ea
448 3081 647 3141 consideranti
677 3083 736 3141 nisi
763 3081 820 3141 hoc
843 3081 987 3143 Rutilium
1014 3101 1159 3161 personae
1189 3084 1337 3142 fictionem
1366 3082 1412 3142 rel

235 3178 508 3258 προσωποποιίαν
545 3178 704 3239 verborum
737 3180 841 3258 liguris
874 3180 1099 3260 adnumerasse,
1137 3199 1204 3241 oum
1237 3179 1300 3241 alii
1331 3183 1412 3241 inter

234 3279 450 3338 sententiarum
475 3279 584 3354 figuras
608 3295 672 3337 eam
691 3277 848 3337 haberent:
872 3296 930 3338 non
951 3279 1042 3355 igitur
1062 3277 1137 3338 hanc
1157 3297 1223 3339 esse
1243 3279 1332 3340 huius
1352 3279 1409 3340 loci

234 3377 411 3436 sententiam
441 3375 554 3456 iudico,
583 3378 668 3454 quasi
691 3374 821 3435 Rutilius
849 3384 879 3436 et
905 3379 983 3436 inter
1007 3376 1165 3437 verborum
1190 3385 1219 3437 et
1243 3379 1322 3437 inter
1345 3396 1411 3438 sen·

234 3475 394 3534 tentiarum
420 3473 530 3550 ligures
553 3472 826 3552 προσωποποιίαν
846 3477 988 3552 posuerit.
1009 3507 1051 3516 —
1072 3472 1155 3544 Quod
1176 3477 1202 3535 si
1222 3475 1331 3556 quibus
1351 3494 1411 3535 non

234 3571 339 3652 placet,
364 3570 478 3631 scilicet
502 3573 527 3631 si
547 3573 599 3649 qui
618 3571 730 3651 dicunt,
754 3590 829 3650 quae
849 3572 885 3632 de
904 3589 1050 3650 personae
1070 3573 1189 3632 fictione
1209 3572 1251 3633 ibi
1271 3574 1411 3653 leguntur

234 3670 270 3729 ad
303 3667 447 3730 Rutilium
483 3671 660 3749 spectantia,
697 3673 740 3729 sic
773 3669 985 3751 intellegenda,
1022 3679 1056 3730 ut
1088 3679 1282 3749 utrumque
1315 3690 1410 3750 genus

234 3766 505 3846 προσαποποιίας
523 3766 667 3828 Rutilium
692 3777 834 3828 tractasse
860 3775 1032 3847 statuamus,
1057 3776 1144 3846 atque
1169 3772 1256 3828 etiam
1278 3788 1352 3849 quae
1372 3769 1409 3828 de

234 3865 429 3926 dubitationis
462 3874 491 3925 et
519 3868 714 3926 correctionis
743 3867 906 3946 figurarum
934 3864 1181 3926 declinatione
1209 3864 1410 3933 Quintilianus

234 3964 360 4043 prolert,
389 3981 422 4023 ea
450 3963 485 4023 ad
509 3962 652 4025 Rutilium
681 3966 817 4044 inprimis
841 3970 990 4045 spectare,
1020 3965 1105 4024 cuius
1129 3967 1159 4022 in
1184 3963 1268 4024 libris
1293 3963 1410 4026 duobus

235 4062 359 4120 servatis
388 4079 565 4140 quamquam
592 4080 642 4120 eae
667 4062 778 4140 figurae
803 4070 1005 4122 memorantur
1029 4061 1054 4120 ll
1077 4059 1116 4123 10
1139 4054 1305 4145 (ἀπορία),
1333 4060 1408 4124 116

235 4151 436 4242 (μετάνοια),
464 4156 530 4220 116
559 4153 850 4242 (προσωποποιία),
879 4158 921 4220 nil
949 4166 1046 4219 tamen
1071 4160 1108 4220 de
1131 4159 1186 4219 hae
1210 4158 1409 4222 declinatione

234 4258 356 4340 legitur,
384 4258 549 4338 respondeo
576 4257 622 4317 his
646 4259 779 4336 potuisse
802 4256 945 4318 Rutilium
970 4275 1033 4316 eam
1058 4257 1284 4317 declinationem
1309 4264 1409 4337 copio-

233 4358 296 4415 sius
319 4359 447 4431 exsequi
467 4358 498 4415 in
521 4354 592 4415 libri
614 4357 661 4416 sui
684 4365 767 4436 parte
787 4357 939 4435 deperdita
958 4375 992 4416 ao
1012 4356 1150 4416 dianoeas
1170 4355 1320 4417 schemata
1339 4377 1408 4420 con-

234 4455 356 4534 tinente,
381 4472 462 4517 eum.
473 4455 647 4532 praesertim
669 4453 778 4514 ibidem
798 4472 865 4513 eum
885 4453 921 4513 de
940 4453 1080 4513 dianoeas
1099 4451 1301 4514 schematibus
1319 4451 1404 4517 ἀντι-
