3068 5028
702 333 922 398 ..12-

316 508 350 592 h)
383 515 479 576 Etiam
511 519 542 576 in
575 515 826 595 descriptionibus
859 517 1019 594 figurarum
1047 516 1151 576 Rutilii
1182 515 1398 595 neglegentiam

228 613 375 691 quandam
403 614 516 675 Dzialas
547 623 629 675 recte
662 615 869 676 animadvertit
900 648 942 656 —
975 633 1035 674 non
1069 615 1135 675 dico
1164 615 1400 693 descriptionum

228 711 345 771 dicendi
369 728 476 792 genus,
505 711 541 771 de
565 730 623 790 quo
647 711 722 772 inire
747 714 896 792 incapite
921 714 1009 773 tertio
1034 731 1192 794 exponam,
1217 713 1269 774 sed
1294 731 1399 792 parum

227 816 365 870 accurate
393 827 452 869 non
481 809 572 871 semel
595 811 753 870 indicatam
778 810 962 889 singularum
986 811 1148 890 figurarum
1171 813 1323 871 notionem
1348 845 1400 891 -—‚

228 906 279 966 sed
303 924 340 966 ne
365 906 435 968 baec
460 909 579 987 quidem
605 908 789 987 neglegentia
812 909 956 991 postulat,
979 904 1018 969 ¹ut
1041 909 1077 970 ab
1100 911 1166 988 ipso
1189 908 1300 971 Rutilio
1324 909 1400 970 duos

228 1003 319 1064 libros
343 1007 408 1066 eius
431 1008 550 1067 nourine
574 1013 706 1067 servatos
730 1006 941 1068 abiudicemus

317 1103 414 1164 Facile
457 1105 588 1165 concedo
633 1105 820 1166 definitiones
861 1107 891 1165 in
934 1107 1105 1166 universum
1147 1104 1400 1184 perlustrantibus

227 1203 430 1264 tantummodo
454 1203 670 1282 descriptiones
694 1205 901 1283 potiusquam
922 1204 1071 1264 finitiones
1090 1204 1245 1265 distinctas
1265 1199 1400 1288 viderit)

227 1483 280 1536 bus
304 1483 417 1537 demum
441 1485 615 1552 temporibus
633 1483 724 1538 videri
742 1501 794 1537 usu
813 1484 933 1549 venisse,
960 1501 1016 1540 non
1035 1483 1070 1538 de
1089 1482 1218 1538 omnibus
1236 1483 1401 1553 posterioris

226 1564 330 1618 aetatis
349 1563 522 1633 rhetoribus,
542 1565 617 1633 quod
637 1563 763 1634 videam,
782 1567 859 1619 recte
879 1563 990 1618 dicitur.
1027 1565 1098 1618 Sane
1119 1581 1152 1618 ex
1171 1563 1325 1618 Alexandri
1342 1565 1401 1619 Nu·

227 1644 311 1698 menii
334 1646 533 1713 epitomatore‚
562 1645 687 1712 Tiberio,
717 1647 826 1700 Zonaeo
851 1643 958 1699 nullam
983 1660 1039 1712 qua
1062 1644 1253 1713 disposuerint
1276 1644 1401 1714 singulas

226 1725 330 1793 figures
350 1723 488 1778 rationem
509 1724 609 1779 elicere
628 1742 756 1794 possum3
777 1741 810 1778 ac
829 1725 863 1779 de
878 1723 1148 1779 Pseudo-Rufiniano
1168 1726 1203 1779 de
1223 1724 1326 1779 schem.
1346 1724 1400 1778 lex.

226 1805 301 1858 idern
331 1804 405 1873 qnod
432 1806 466 1859 de
491 1804 597 1860 Rutilio
622 1806 802 1860 statuendum
827 1807 870 1862 est
893 1805 997 1876 partim
1020 1806 1055 1860 ab
1080 1823 1113 1860 eo
1137 1810 1213 1861 recte
1238 1805 1401 1860 coniunctas

225 1886 329 1954 figuras
354 1883 459 1938 similes
483 1885 585 1954 partim
608 1883 670 1939 sine
689 1884 748 1940 ulla
766 1901 852 1940 causa
871 1885 1024 1940 disiunctas
1043 1903 1110 1941 esse.
1148 1886 1187 1940 Α)
1205 1887 1401 1955 praeterquam

228 1966 301 2034 quod
324 1964 489 2034 posterioris
513 1964 616 2019 aetatis
635 1965 761 2020 rhetores
781 1963 972 2030 Quintilianus
992 1967 1022 2019 et
1039 1965 1229 2021 Phoebsmmo
1249 1966 1321 2020 alter
1341 1981 1400 2019 ver·

226 2045 326 2098 borum
348 2044 452 2114 ligures
475 2044 565 2099 tribus
590 2045 754 2114 categoriis,
779 2046 851 2098 alter
874 2046 1008 2113 quattuor
1031 2045 1181 2114 categoriis
1205 2048 1234 2100 et
1253 2046 1400 2100 verborum

227 2126 331 2194 figuras
350 2126 380 2179 et
398 2125 599 2180 sententiarum
618 2125 828 2191 subinnxerunt‚
849 2124 933 2179 etiarn
950 2125 1053 2195 Aquila
1067 2126 1210 2180 Romanus
1225 2124 1400 2180 schematum

227 2205 322 2259 lexeos
342 2205 411 2258 dues
431 2205 512 2274 quasi
531 2204 689 2275 categorias
704 2206 876 2261 constituere
891 2209 1009 2261 conatus
1025 2204 1125 2260 saltem
1141 2209 1193 2272 est,
1212 2223 1329 2274 quarum
1345 2222 1402 2259 unu

228 2284 443 2354 comprehendit
464 2287 569 2354 figuras
594 2288 630 2340 od
654 2288 811 2342 ornandam
829 2292 937 2341 tontum
956 2293 981 2340 et
999 2289 1080 2357 quasi
1097 2289 1136 2342 od
1152 2287 1320 2355 piapeodom
1339 2303 1400 2341 ora·

226 2368 325 2420 tionem
339 2368 555 2422 accommodatos
565 2371 590 2434 (5
601 2371 645 2434 2))
656 2367 702 2421 ιο)
716 2369 754 2422 oci
763 2369 939 2422 ostensionem
947 2369 1078 2434 iacientes
1088 2372 1114 2435 (t
1125 2369 1179 2438 42),
1194 2367 1284 2420 altera
1295 2367 1400 2435 figuras

227 2448 265 2501 od
283 2447 481 2502 accendendam
496 2465 621 2518 poppam
640 2448 750 2502 dicendi
768 2449 886 2504 achotes
905 2450 930 2515 (ξ
946 2448 991 2516 30)
1010 2447 1056 2502 vel
1072 2448 1111 2503 od
1124 2453 1257 2502 certamen
1270 2448 1402 2514 sumentes

229 2530 254 2592 (ξ
269 2530 323 2594 42).
358 2526 412 2581 Uni
430 2527 528 2594 generi
547 2526 691 2580 subiunxit
711 2543 767 2595 eas,
785 2527 815 2581 in
834 2527 936 2596 quibus
950 2529 1069 2596 paribus
1083 2529 1170 2597 pario
1183 2528 1337 2582 redduntur
1351 2534 1402 2582 out

226 2607 312 2660 simili
329 2622 396 2661 cosso
415 2613 464 2660 out
483 2623 549 2661 sono
568 2608 785 2662 determinantur
804 2611 829 2672 (ξ
846 2609 900 2675 42),
919 2609 995 2661 recte
1014 2607 1186 2677 coniungens
1200 2607 1274 2662 inter
1288 2623 1317 2662 se
1331 2608 1401 2676 figu-

227 2702 272 2739 ras
291 2682 447 2741 ἅντιθὲιου
465 2685 601 2741 ioouoitoo
617 2688 737 2755 παρίσου
753 2683 945 2758 ὁμοιοπτώτου
962 2683 1175 2757 ὁμοιοτελεύτου
1189 2688 1402 2756 παρονομασίας

226 2767 362 2835 (22-27).
403 2765 511 2835 πλοκήν
539 2769 568 2821 et
595 2769 763 2836 notrtopioo
789 2785 846 2822 non
870 2769 906 2822 sd
929 2768 1106 2822 formandam
1129 2768 1220 2838 magis
1244 2766 1402 2822 orationem

227 2863 312 2916 quam
341 2847 377 2900 ad
405 2847 611 2902 accendendam
640 2864 764 2918 pugnam
793 2847 906 2903 dicendi
930 2849 1024 2902 valere
1048 2846 1119 2901 dicit
1141 2846 1281 2916 alterique
1304 2847 1401 2914 generi

227 2926 374 2997 plerasque
398 2944 494 2982 aarum
516 2943 588 2996 quae
608 2932 794 2983 consecuntur
813 2929 971 2997 subiungit,
995 2931 1143 2982 conectens
1162 2927 1235 2980 inter
1253 2944 1282 2980 se
1301 2928 1400 2981 cohae-

226 3009 321 3063 rentes
349 3008 453 3076 figures
481 3007 659 3077 repetitionis
689 3003 895 3077 ἐπαναλήψεως
922 3003 1140 3068 ἀναδιπλοόσειος
1164 3005 1402 3073 προσαποὸόσεως

228 3085 413 3156 ἐπαναφορᾶς
446 3083 635 3158 ἀποστροφῆς
668 3089 828 3160 συμπλοκῆς
860 3085 1042 3143 πολυπτώτου
1075 3090 1203 3158 (31-37)
1235 3086 1325 3155 iisque
1353 3085 1400 3155 fig.

227 3171 404 3238 συνωνυμίος
431 3171 614 3238 ταυτολογίας
642 3172 776 3238 κλίμακος
803 3165 959 3224 ἀσυνδέτου
989 3166 1137 3233 adiiciens3
1169 3169 1310 3237 postremo
1337 3184 1401 3221 oon·

226 3249 327 3303 trarias
351 3248 425 3302 inter
444 3265 473 3303 se
492 3250 597 3318 figuras
616 3249 816 3320 διεζευγμένου
836 3251 866 3304 et
883 3245 1094 3318 ὑπεζευγμένου
1114 3252 1168 3318 (43,
1184 3249 1241 3318 44),
1264 3251 1399 3302 πλεονασ-

227 3330 282 3396 μοῦ
302 3330 331 3383 et
350 3325 500 3398 ἐλλείψεως
519 3334 573 3398 (et,
587 3331 633 3397 46)
653 3331 798 3384 memorat.
821 3329 901 3390 ,Cum
918 3347 976 3383 non
995 3329 1064 3384 satis
1082 3330 1173 3384 certes
1188 3345 1249 3384 esse
1263 3328 1315 3382 has
1330 3327 1400 3382 duas

227 3410 384 3479 categorias
403 3411 432 3462 et
450 3407 563 3478 utrique
582 3425 679 3464 earum
697 3410 801 3464 multas
821 3428 891 3479 quas
905 3408 1009 3478 Aquila
1025 3411 1164 3463 Romanus
1183 3407 1278 3479 posuit
1295 3409 1401 3476 figuras

227 3505 309 3558 posse
330 3489 453 3543 adscribi
471 3488 654 3544 manifestum
672 3489 717 3560 sit,
737 3508 792 3545 non
808 3493 882 3545 certe
897 3490 940 3544 illi
954 3489 1082 3560 contigit,
1101 3491 1134 3544 ut
1148 3489 1232 3558 plane
1247 3488 1400 3542 dilucidem

228 3567 442 3638 dispositionem
466 3587 546 3623 snam
570 3569 700 3624 redderet
722 3572 843 3640 apteque
867 3569 971 3640 figuras
995 3571 1110 3625 cunctas
1135 3569 1329 3639 subiungeret,
1357 3571 1399 3623 at-

226 3651 321 3703 tamen
344 3649 404 3704 sine
427 3649 538 3704 ratione
562 3666 595 3704 ex
619 3651 716 3706 ordine
741 3650 894 3707 collocasse
917 3653 1020 3721 figuras
1044 3666 1108 3704 snas
1131 3667 1167 3705 ne
1189 3651 1264 3704 hune
1286 3650 1400 3718 quidem

227 3729 320 3784 dicere
339 3728 416 3786 licet.
449 3729 490 3785 uf.
504 3730 675 3786 Martisnum
690 3732 842 3802 Capellam,
861 3733 910 3801 qni
929 3731 1097 3787 divisionem
1115 3730 1196 3785 illem
1215 3730 1328 3799 quidem
1342 3747 1400 3786 non

227 3808 344 3863 retinuit
367 3812 548 3879 (quamquam
572 3811 647 3866 enim
670 3830 756 3866 unum
775 3831 864 3884 genus
883 3813 991 3884 recepit
1010 3844 1041 3852 -
1061 3811 1126 3866 vide
1145 3817 1209 3878 §40
1229 3842 1276 3876 -,
1299 3811 1400 3880 postea

226 3893 321 3944 tamen
349 3889 410 3959 ipse
437 3891 580 3946 dubitasse
602 3893 637 3947 de
660 3894 714 3947 hac
738 3892 878 3947 divisione
901 3892 1025 3960 videtur,
1053 3892 1095 3945 ita
1117 3895 1149 3945 ut
1171 3891 1292 3944 alterum
1314 3889 1400 3958 plane

227 3968 395 4040 omitteret),
419 3971 467 4024 sed
492 3969 617 4040 singulas
640 3973 745 4041 figuras
765 3972 805 4026 sic
823 3974 856 4026 ut
874 3972 1038 4027 coniunctas
1056 3972 1130 4026 inter
1149 3987 1179 4025 se
1199 3970 1304 4040 optime
1325 3969 1401 4039 apud

228 4048 360 4118 Aquilam
378 4051 535 4106 Romanum
554 4052 663 4121 legerat
681 4052 838 4122 descripsit.

317 4131 344 4197 2)
365 4129 445 4196 Quod
464 4133 566 4186 attinet
583 4132 618 4185 ad
635 4133 703 4202 121,
723 4133 772 4187 nbi
786 4129 940 4202 ἠθοποιίας
954 4133 1045 4186 solnm
1059 4147 1161 4186 nomen
1175 4131 1288 4200 legitur,
1308 4146 1397 4199 nsque

227 4209 264 4265 ad
291 4212 402 4265 tantam
428 4211 638 4282 neglegentiam
665 4230 843 4283 progressum
867 4229 927 4267 esse
951 4211 1101 4279 Rutilium,
1130 4212 1162 4264 nt
1183 4210 1257 4266 banc
1280 4211 1399 4281 figuram

227 4291 340 4346 omnino
358 4308 414 4347 non
434 4291 617 4361 describeret,
637 4292 765 4348 absimile
785 4309 851 4347 vero
871 4295 925 4359 est;
949 4291 1046 4361 itaque
1064 4292 1118 4345 hoc
1138 4290 1251 4361 quidem
1269 4289 1332 4345 loco
1352 4291 1399 4345 de-

226 4370 383 4426 finitionem
406 4372 511 4441 figurae
532 4390 599 4427 casn
618 4373 739 4444 quodam
758 4372 933 4427 intercidisse
953 4372 1051 4428 eodem
1070 4371 1153 4426 modo
1173 4373 1258 4442 atque
1277 4370 1320 4425 Il
1341 4386 1400 4425 cer·

227 4453 286 4506 tum
306 4455 383 4521 puto.
