3098 5024
621 391 654 399 -
706 313 836 417 ῃ-

228 536 309 596 luter
336 535 393 595 boc
423 544 452 596 et
475 535 619 596 Rutilium
647 535 743 614 qualis
771 537 935 597 intercedat
964 539 1051 615 ratio,
1080 538 1147 597 cum
1177 555 1312 598 maxume

130 631 252 693 Dnialas
275 650 303 710 p.
323 629 454 693 21-28
483 641 513 692 et
541 632 640 694 Herm.
664 633 768 713 llrupp
796 637 827 695 in
855 633 954 695 libello
982 635 1018 695 de
1048 637 1177 695 carmine
1205 637 1312 696 incerti

130 731 269 814 auctoris
303 728 339 788 de
373 729 477 806 figuris
508 728 595 791 lenae
628 751 652 792 a.
683 728 770 793 1874
802 732 882 792 edito
911 725 962 815 (cl.
991 735 1078 792 etiam
1107 732 1140 792 R.
1165 731 1312 794 Schmidt:

130 847 259 891 carmen
283 813 319 888 de
343 829 446 906 figuris
472 828 514 888 vel
539 827 739 889 schematibus
764 846 821 908 qua
845 831 884 888 sit
905 837 999 890 aetate
1019 832 1230 908 conscriptum.
1268 831 1312 890 ed.

130 927 225 987 lenae
245 944 269 986 a.
286 919 387 1008 1874)
406 929 464 985 iarn
484 929 554 986 satis
575 945 723 1005 superque
743 929 972 1007 inquisiverint,¹
984 929 1057 1008 ipse,
1081 946 1118 987 ne
1137 935 1200 987 acta
1220 946 1312 1008 agam,

133 1043 215 1104 quae
235 1031 371 1084 constare
391 1023 529 1084 videntur
548 1023 604 1084 hoc
623 1023 688 1085 loco
708 1027 810 1103 paucis
826 1024 1087 1103 comprehendisse
1103 1027 1175 1085 satis
1189 1024 1312 1085 habebo.

228 1122 324 1200 Atque
351 1140 471 1182 carmen
495 1123 532 1182 de
556 1123 660 1200 figuris
683 1141 742 1182 non
766 1132 834 1183 ante
858 1133 997 1202 quartum
1021 1142 1048 1201 p.
1069 1123 1137 1184 Chr.
1162 1123 1312 1184 saeculum

133 1215 191 1304 (cl.
216 1220 320 1298 llrupp
344 1238 372 1298 p.
392 1214 459 1303 28),
487 1221 611 1280 lortasse
635 1220 701 1280 lulii
725 1221 873 1280 Rufiniani
897 1220 1083 1299 temporibus
1107 1223 1204 1299 quarti
1228 1223 1312 1281 initio

132 1318 247 1379 saeculi
272 1312 324 1401 (cl.
340 1317 475 1378 Schmidt
493 1337 520 1397 p.
536 1312 595 1400 22)
618 1321 825 1398 compositum,
850 1318 884 1378 ad
910 1338 998 1398 quam
1019 1318 1216 1378 definiendam
1236 1327 1312 1381 aeta·

131 1426 198 1479 tem
227 1425 257 1477 et
285 1435 383 1476 sermo
411 1417 519 1476 incerti
548 1419 678 1476 auctoris
705 1425 735 1476 et
758 1434 807 1476 res
832 1419 953 1478 metrica
977 1416 1138 1494 plurimum
1162 1415 1238 1477 valet
1262 1413 1312 1494 (cl.

133 1514 243 1592 lirupp
267 1532 294 1591 p.
314 1509 455 1593 23-28,
480 1513 615 1575 Schmidt
639 1533 666 1592 p.
689 1508 879 1598 11-22)¹)‚
902 1514 1002 1574 lexeos
1026 1523 1140 1574 tantum
1163 1513 1313 1575 schemata

132 1611 270 1692 praebet,
293 1610 323 1670 id
347 1611 425 1689 quod
451 1619 480 1673 et
504 1613 642 1671 carminis
666 1613 761 1689 ipsios
784 1609 842 1672 v.1
865 1620 894 1672 et
914 1613 1095 1690 comparatio
1115 1630 1182 1671 cum
1202 1611 1313 1672 Rutilio

133 1711 233 1770 docet.
276 1708 371 1768 llabet
394 1716 493 1768 autem
517 1716 616 1788 partes
640 1709 722 1788 duas,
746 1728 872 1788 quarum
897 1712 979 1788 prior
1003 1708 1099 1771 tribus
1122 1711 1227 1787 primis
1247 1728 1313 1787 pro·

134 1809 227 1869 oemii
256 1805 392 1867 versibus
421 1815 452 1866 et
479 1825 522 1866 vv.
545 1803 710 1887 13-150,
740 1810 887 1886 posterior
916 1809 1061 1886 prooemii
1084 1825 1126 1867 vv.
1146 1803 1256 1868 4-12
1285 1815 1315 1867 et

134 1925 184 1966 vv.
215 1901 389 1967 151-186
422 1912 551 1986 constat3
584 1907 613 1964 iu
646 1907 746 1983 priore
780 1924 814 1965 ex
848 1905 952 1965 ordine
985 1903 1170 1982 alphabetico
1203 1905 1313 1983 figurae

134 2010 362 2083 enumerantur,
386 2004 417 2061 in
441 2004 616 2083 posteriore,
642 2003 719 2081 quod
746 2006 831 2081 quasi
855 2003 1093 2083 supplementum
1115 2002 1213 2062 estad
1234 2012 1314 2063 ante·

133 2101 279 2162 cedentes
304 2100 422 2178 figuras,
445 2102 471 2159 is
496 2101 568 2161 ordo
593 2099 760 2178 neglegitur
784 2095 835 2184 (cl.
860 2101 963 2181 llrupp
987 2119 1014 2178 p.
1035 2098 1064 2180 6,
1089 2099 1223 2161 Schmidt
1246 2119 1273 2178 p.
1293 2096 1313 2160 5

134 2207 169 2259 et
193 2194 238 2281 6).
285 2197 380 2276 Atque
404 2198 434 2257 in
460 2217 503 2258 vv.
525 2193 678 2260 13—150
702 2200 884 2259 versificator
908 2216 981 2258 usus
1005 2204 1050 2257 est
1074 2196 1184 2257 Rutilio
1208 2198 1257 2276 ita,
1282 2205 1315 2256 ut
1367 2267 1369 2272 Ι

133 2296 176 2356 ab
199 2297 283 2355 initio
309 2313 403 2374 usque
427 2295 463 2354 ad
488 2295 576 2355 finem
600 2297 730 2373 primum
753 2315 803 2356 eas
822 2297 932 2374 figuras
952 2302 1067 2355 notaret
1087 2312 1162 2372 quae
1181 2313 1197 2353 a
1216 2293 1314 2355 littera

133 2415 157 2456 α
183 2395 358 2473 inciperent,
383 2393 488 2453 deinde
513 2412 587 2471 quae
608 2412 622 2453 a
642 2394 740 2454 littera
760 2392 790 2474 β,
808 2413 829 2472 γ
848 2401 1004 2472 totumque
1024 2390 1212 2470 alphabetum
1232 2409 1314 2470 grae·

134 2509 207 2552 cum
231 2499 424 2569 percurreret
449 2484 500 2574 (cl.
525 2491 611 2552 llzial.
635 2510 663 2569 p.
684 2487 839 2573 21-24).
886 2490 970 2561 Quod
995 2508 1054 2550 non
1079 2499 1125 2549 est
1149 2507 1265 2568 semper
1289 2492 1314 2549 is

135 2589 213 2650 ordo
238 2595 386 2668 servatus,
415 2607 474 2648 non
498 2591 620 2669 mirum,
644 2591 713 2668 quia
737 2588 838 2668 plures
862 2589 973 2667 figurae
996 2590 1155 2650 artissume
1180 2590 1259 2648 inter
1283 2606 1314 2646 se

136 2689 316 2748 coniunctae
335 2684 476 2764 leguntur
495 2686 572 2764 apud
593 2686 670 2765 Rut,
694 2694 784 2747 utne
805 2687 997 2747 versificatori
1017 2686 1137 2765 quidem
1157 2704 1206 2745 eas
1226 2684 1314 2744 divel-

135 2785 201 2844 lere
225 2785 340 2843 veniret
364 2786 393 2843 in
418 2790 546 2843 mentem
571 2777 622 2866 (cl.
647 2783 757 2843 ibidem
780 2802 808 2861 p.
828 2777 985 2865 24-26).
1026 2782 1189 2843 Nonnullas
1213 2781 1315 2842 Rutilii

136 2883 251 2960 figuras
274 2880 341 2942 ideo
364 2879 441 2941 haud
466 2880 555 2941 dubie
580 2881 762 2941 versificator
785 2899 844 2940 non
869 2882 990 2959 recepit,
1014 2881 1093 2960 quod
1118 2881 1176 2958 ipsi
1197 2888 1315 2940 senten-

137 2982 249 3040 tiarum
280 2980 382 3057 potius
414 2977 590 3038 videbantur
623 2995 688 3038 esse
721 2971 772 3060 (cl.
802 2978 937 3039 Schmidt
963 2997 992 3057 p.
1013 2971 1056 3061 7).
1109 2976 1167 3038 Sed
1195 2985 1315 3056 praeter

137 3079 251 3154 figuras
279 3094 329 3136 eas
358 3095 373 3136 e
396 3075 507 3137 Rutilio
537 3079 645 3154 petitas
673 3078 704 3136 in
732 3075 786 3135 hac
815 3078 879 3155 ipsa
906 3079 1006 3155 priore
1034 3084 1118 3154 parte
1142 3075 1244 3153 plures
1267 3094 1316 3136 er-

138 3181 221 3235 stant
244 3191 318 3252 quas
342 3174 524 3234 versificator
547 3173 627 3234 solus
651 3173 753 3254 habet,
777 3181 811 3234 ut
835 3173 974 3252 adpareat
998 3191 1064 3233 eum
1090 3181 1210 3252 praeter
1233 3173 1315 3233 Ruti·

137 3273 213 3332 lium
242 3271 314 3333 alios
340 3273 427 3331 etiam
452 3273 614 3349 scriptores
638 3270 723 3334 nobis
746 3274 865 3351 ignotos
889 3269 1059 3331 adhibuisse
1084 3279 1113 3330 et
1137 3287 1315 3350 unaquaque

137 3372 240 3431 littera
264 3389 280 3429 a
303 3387 360 3448 qua
383 3370 527 3446 incipiant
545 3367 650 3428 Rutilii
673 3370 784 3447 tigurae
809 3368 944 3430 absoluta
966 3367 1113 3447 qrrnslibet
1132 3384 1166 3427 er
1187 3369 1224 3426 iis
1244 3367 1316 3445 figu-

139 3486 191 3528 ras
211 3468 416 3547 supposuisse3
436 3485 472 3527 ex
491 3468 556 3545 ipso
572 3465 678 3546 Gorgia
699 3467 771 3529 haec
790 3468 881 3546 petita
901 3483 967 3526 esse
986 3464 1067 3526 nullo
1087 3464 1174 3524 modo
1190 3472 1317 3542 possunt

138 3565 222 3645 ideo,
254 3563 332 3642 quod
362 3562 575 3642 Quintilianus,
609 3564 661 3625 ubi
692 3567 849 3626 inusitatas
878 3563 980 3624 Rutilii
1013 3563 1123 3641 figuras
1154 3571 1316 3643 enumerat,

139 3663 247 3723 harum
278 3660 398 3739 quidem
427 3659 537 3721 nullam
565 3669 709 3722 memorat
738 3657 788 3743 (ol.
817 3661 904 3721 llzial.
932 3679 960 3738 p.
985 3655 1140 3739 26—28).
1187 3659 1220 3719 ln
1248 3679 1316 3738 pro-

140 3760 232 3821 oemii
250 3777 294 3818 vv.
308 3755 420 3822 4-,12
439 3768 469 3819 et
489 3778 531 3818 vv.
550 3756 724 3822 151-186
744 3761 975 3819 versificatorem
994 3757 1129 3818 hausisse
1144 3774 1179 3816 er
1195 3755 1317 3816 Alexan·

140 3857 196 3918 dro
217 3855 364 3916 Numenio
388 3856 578 3916 manifestum
603 3864 648 3916 est
672 3850 722 3939 (cl.
743 3856 829 3916 llzial.
854 3875 882 3934 p.
901 3853 953 3937 28,
978 3854 1113 3916 Schmidt
1135 3873 1164 3933 p.
1184 3852 1203 3916 8
1224 3862 1254 3915 et
1273 3848 1317 3938 9).

138 3952 224 4031 lpsas
248 3959 347 4013 autem
371 3952 425 4013 has
449 3952 522 4013 duas
545 3963 655 4036 partes,
679 3972 747 4014 cum
771 3955 802 4013 in
825 3955 925 4031 priore
949 3959 1033 4031 parte
1058 3951 1220 4029 descriptio
1244 3952 1317 4029 figu-

235 4135 259 4204 1)
278 4131 454 4187 Rectissume
473 4134 543 4188 haec
562 4138 605 4188 est
623 4133 696 4188 ratio
710 4135 833 4188 aetutem
847 4131 979 4187 carminis
992 4130 1158 4199 indagandi,
1178 4131 1202 4184 si
1219 4148 1316 4186 verum

139 4215 186 4269 est
208 4212 285 4282 qnod
302 4211 452 4267 Mauritius
470 4213 566 4283 Haupt
584 4213 730 4268 contendit
748 4212 893 4281 Messium,
916 4229 999 4280 quem
1019 4213 1116 4265 auctor
1136 4210 1268 4266 carminis
1287 4211 1315 4265 in

140 4290 257 4349 exordio
277 4290 441 4361 alloquitur,
460 4291 680 4363 intellegendum
701 4308 761 4348 esse
775 4292 910 4346 Messinm
926 4290 1103 4360 Arusiunnm,
1123 4290 1171 4360 qui
1187 4292 1317 4361 exempla

140 4372 335 4428 elocutionum
349 4372 463 4440 Olybrio
483 4375 512 4427 et
525 4371 646 4427 Probino
666 4372 732 4427 anui
751 4391 777 4442 p.
793 4372 856 4428 Chr.
876 4390 902 4427 n.
923 4375 974 4426 395
994 4369 1158 4424 oonsulibus
1173 4370 1317 4426 dedicavit

141 4453 190 4524 (ol.
210 4450 329 4520 Hanptii
347 4466 440 4521 opusc.
455 4451 494 4504 Ill
513 4471 539 4522 p.
556 4457 616 4520 42⁷,
631 4457 683 4506 428
703 4452 748 4524 [ει
764 4452 885 4506 Hermae
904 4454 923 4507 t.
938 4450 978 4504 Ill
997 4469 1024 4520 p.
1039 4450 1103 4522 223]
1123 4452 1152 4502 et
1171 4451 1241 4522 634).
