3098 5024
722 284 942 390 ,10-ν

249 508 348 580 Quint.
373 507 474 570 lll111
499 504 658 590 75-81),
691 516 844 588 praeterea
873 508 982 586 liguras
1009 498 1263 584 ’πολυσννδέπον
1291 513 1321 566 ct
1350 501 1419 564 dta-

248 604 372 679 λύσεως
399 605 479 668 114
507 615 537 668 et
566 602 607 668 15
640 601 1023 686 (cl.Quirrt.lX11150;
1060 601 1212 676 διάλυσις
1244 603 1322 682 apud
1351 601 1418 662 Rut.

248 732 290 754 =
310 700 494 766 ἀσύνδετον
513 705 590 784 apud
608 697 733 787 Quint).
769 704 858 765 Errat
876 705 967 782 igitur
986 705 1038 782 qui
1058 705 1202 762 rationem
1222 700 1369 780 quandam
1390 701 1420 758 in

249 802 432 880 singularum
456 802 647 864 collocatione
667 802 770 862 Rutilii
789 803 951 880 figurarum
970 801 1120 862 desiderat
1138 801 1266 879 ideoque
1285 800 1418 860 ordinem

249 919 317 960 eum
341 919 430 979 quem
453 918 507 960 nos
531 899 675 960 habemus
700 917 765 959 esse
789 902 949 980 genuinum
974 899 1135 961 addubitat.

337 997 449 1058 Deinde
482 999 644 1078 tigurarum
678 1016 779 1058 earum
812 997 885 1057 ordo
918 1016 992 1076 quas
1025 996 1224 1068 Quintilianus
1252 991 1419 1055 lll11199

249 1115 427 1156 enumerans
456 1107 506 1157 aut
535 1097 750 1157 sententiarum
778 1097 877 1174 potius
905 1096 1016 1174 figuras
1044 1105 1094 1155 aut
1121 1094 1216 1155 nullas
1245 1101 1329 1172 putat
1355 1111 1419 1152 esse

249 1228 292 1237 —
316 1203 386 1272 spnt
414 1204 513 1255 antem
541 1196 652 1272 figurae
680 1194 925 1274 παρομολογίας
952 1189 1136 1271 ἀναγκαίου
1164 1187 1343 1270 ἠθοποιίας
1371 1188 1414 1250 dc-

248 1291 439 1371 καιολογίας
474 1291 670 1374 προλήψεως
701 1295 969 1374 χαρακιηρισμοῠ
1001 1287 1223 1371 βραχυλογίας
1252 1299 1418 1368 παρασιω-

248 1389 377 1470 πήσεως
395 1388 579 1468 παρρησίας
598 1423 640 1431 -
660 1392 700 1449 ita
720 1409 787 1450 curn
802 1389 912 1450 Rutilio
932 1407 1021 1468 quem
1041 1407 1095 1448 nos
1114 1387 1258 1447 habemns
1273 1389 1419 1464 congruit,

250 1496 282 1549 ut
310 1486 538 1566 Quintilianum,
570 1487 623 1548 has
656 1490 765 1566 figuras
798 1487 957 1548 verborum
989 1504 1064 1565 quae
1094 1488 1151 1564 ipsi
1179 1484 1418 1564 improbarentur

247 1604 315 1645 cnm
345 1585 511 1665 colligeret,
540 1603 575 1645 eo
603 1586 708 1646 ordine
734 1605 792 1664 qno
816 1586 894 1664 apud
918 1583 1061 1643 Rutilium
1086 1585 1256 1643 etiamnunc
1279 1581 1419 1660 leguntur

247 1683 402 1762 collegisse
431 1701 480 1743 eas
509 1684 698 1744 manifestum
723 1687 770 1744 sit.
816 1681 900 1753 Quod
925 1682 1045 1761 quidem
1068 1681 1147 1740 idem
1170 1678 1282 1740 Dzial‘as
1306 1683 1419 1758 primus

248 1780 320 1840 vidit
344 1775 395 1864 (cl.
416 1780 463 1841 liz.
488 1799 516 1860 p.
537 1779 592 1862 35,
613 1777 669 1863 36)
698 1801 795 1860 neque
825 1800 893 1841 eum
922 1780 996 1858 lugit
1024 1777 1128 1837 eodem
1152 1795 1211 1854 quo
1236 1776 1312 1854 apud
1337 1775 1416 1837 Ruti·

247 1878 319 1939 lium
349 1877 453 1937 ordine
482 1881 571 1938 etiam
599 1879 709 1956 figuras
739 1875 895 1958 ἐπιβολῆς
923 1873 1084 1956 ἐπιφορᾶς
1106 1872 1297 1954 κοινότητος
1319 1877 1418 1936 πολυ-

247 1973 378 2036 πτώτον
405 1970 640 2055 ἐπαναλήψεως
667 1978 786 2038 omissis
814 1974 983 2035 nominibus
1012 1973 1146 2054 Graecis,
1179 1974 1237 2032 uisi
1265 1972 1343 2050 quod
1373 1973 1418 2050 lig.

249 2070 482 2152 ἐπαναλήψεως
510 2072 657 2133 Rutiliana
691 2076 787 2152 prima
819 2075 925 2134 harum
953 2074 1085 2150 quinque
1114 2077 1309 2148 memoretur,
1342 2070 1418 2150 apud

248 2168 463 2240 Quintilianum
488 2178 613 2250 exstare,
637 2175 800 2250 statuitque
824 2172 922 2250 aliqua
946 2175 1016 2230 san'e
1041 2188 1075 2228 ex
1100 2177 1183 2248 parte
1208 2176 1338 2228 veterem
1362 2168 1418 2228 Ru·

248 2269 306 2329 tilii
333 2267 468 2328 ordinem
497 2279 646 2329 servatum
670 2270 773 2331 videri.
818 2270 856 2329 At
879 2267 1065 2348 Quintiliani,
1094 2269 1203 2346 quippe
1228 2268 1280 2346 qui
1303 2268 1418 2344 integro

248 2365 352 2426 Rutilii
379 2364 456 2426 libro
485 2384 558 2426 usus
587 2369 638 2446 sit,
667 2386 700 2427 oa
724 2369 755 2428 in
779 2386 811 2427 re
836 2369 997 2427 auctoritas
1021 2364 1110 2426 debet
1133 2383 1198 2424 esso
1223 2382 1351 2444 summa,
1379 2371 1419 2441 ut,

250 2463 302 2524 ubi
329 2481 405 2541 quae
432 2463 482 2522 ille
512 2463 662 2525 eRutilio
692 2466 777 2525 affert
800 2485 867 2526 cnm
891 2464 995 2525 Rutilii
1018 2481 1107 2542 quem
1131 2481 1185 2522 nos
1208 2461 1352 2522 habemus
1376 2481 1419 2521 or-

249 2562 317 2622 dine
337 2569 511 2641 congruant,
531 2561 735 2622 firmissimum
754 2563 810 2623 hoc
830 2565 869 2623 sit
888 2571 990 2622 contra
1005 2560 1181 2622 llzialasium
1200 2567 1419 2638 argumentum:

248 2663 312 2738 ipse
337 2661 428 2736 igitur
452 2677 487 2718 ex
508 2661 544 2718 iis
565 2678 639 2738 quae
659 2668 763 2722 contra
783 2679 866 2720 suam
885 2663 980 2741 ipsius
999 2661 1177 2720 sententiam
1195 2657 1244 2717 ille
1263 2657 1419 2738 indagavit,

249 2777 317 2819 cum
345 2759 521 2837 praesertim
550 2757 605 2817 alia
635 2759 790 2839 accedant,
819 2761 899 2819 omni
927 2761 958 2819 in
987 2777 1019 2818 re
1048 2755 1133 2816 nobis
1161 2754 1305 2836 praebere
1329 2754 1419 2815 libros

250 2864 381 2916 servatos
404 2857 499 2934 ipsius
523 2855 626 2916 Rutilii
649 2857 784 2917 ordinem
808 2857 923 2935 colligo.

338 2953 479 3014 Omnium
502 2963 601 3014 autem
624 2972 761 3014 maxume
784 2955 814 3014 id
838 2957 946 3034 ipsum,
970 2952 1048 3030 quod
1073 2969 1162 3030 snpra
1185 2949 1328 3011 Dnialasio
1352 2969 1419 3010 con-

249 3054 327 3112 cessi
350 3051 458 3112 multas
482 3051 592 3130 ligurus
616 3052 779 3113 simillimas
803 3052 879 3130 apud
899 3050 1042 3111 Rutilium
1066 3066 1153 3127 quem
1178 3066 1258 3108 nunc
1277 3047 1420 3108 hahemus

250 3151 411 3227 diremptas
445 3149 661 3228 quodammodo
694 3149 764 3232 legi,
798 3149 883 3210 lacile
916 3147 1057 3231 explicari
1088 3153 1200 3224 potest,
1232 3148 1271 3205 ita
1301 3154 1335 3206 ut
1363 3164 1423 3206 non.

249 3266 372 3310 necesse
401 3250 440 3307 sit
467 3265 501 3306 eo
531 3266 589 3324 quo
617 3247 666 3306 illc
695 3251 740 3308 vir
768 3249 873 3309 doctus
901 3244 1113 3323 confungiamus
1159 3242 1319 3302 Adsentior
1342 3245 1420 3303 enim

249 3345 427 3426 Draheimio,
453 3347 512 3424 qui,
536 3346 562 3403 si
585 3347 652 3423 quis
676 3349 796 3406 omnino
820 3345 970 3406 schemata
993 3361 1028 3402 ex
1052 3341 1156 3401 ordina
1180 3340 1319 3400 collocari
1342 3341 1420 3421 velit,

249 3447 277 3504 ei
300 3444 482 3524 posteriores
506 3441 657 3502 adeundos
680 3443 761 3524 dicit,
785 3441 998 3513 Quintilianum
1019 3447 1049 3500 et
1068 3438 1344 3519 Phoebammonem,
1370 3441 1420 3518 qui

250 3542 413 3619 categorias
438 3547 534 3600 certas
558 3539 741 3602 schematum
765 3549 933 3603 statuerunt
952 3534 1004 3623 (cl.
1023 3538 1070 3598 Dr.
1095 3556 1122 3617 p.
1144 3533 1223 3618 14),
1252 3535 1420 3597 Cavendum

250 3639 372 3719 scilicet,
396 3657 433 3698 ue
457 3639 582 3698 nimium
606 3638 661 3699 hac
685 3641 715 3699 in
739 3658 772 3700 re
791 3659 807 3700 a
827 3639 948 3719 Rutilio,
970 3639 1095 3698 nimium
1115 3637 1234 3698 omnino
1258 3634 1294 3694 ab
1314 3636 1351 3694 iis
1370 3637 1422 3714 qui

250 3745 318 3799 ante
333 3734 547 3807 Quintilianum
568 3739 753 3815 scripserunt
772 3738 808 3798 de
827 3737 931 3814 liguris
949 3722 1142 3813 post'ulcmus.
1178 3731 1422 3810 lutrospiciamus

249 3835 343 3896 libros
364 3852 468 3894 eorum
488 3835 539 3912 qui
558 3842 626 3894 ante
646 3833 785 3912 Gorgiam
804 3837 865 3894 sive
884 3833 1028 3895 Rutilium
1047 3831 1123 3891 hanc
1142 3831 1293 3891 materiam
1314 3837 1422 3888 tracta-

251 3941 372 4012 verunt,
403 3933 511 3992 incerti
539 3930 654 3992 scilicet
682 3934 812 3993 auctoris
840 3932 875 3992 ad
904 3929 1086 3990 Herennium
1115 3935 1144 3988 et
1173 3926 1337 4005 Ciceronis,
1370 3930 1422 4005 qui

250 4031 397 4092 librorum
429 4047 552 4090 snorum
585 4039 699 4108 partem
731 4029 835 4092 saltem
868 4027 1072 4090 describendis
1103 4027 1207 4102 liguris
1235 4024 1423 4086 dedicavere:

251 4147 321 4190 sane
349 4127 476 4188 alterum
504 4127 624 4208 horum,
652 4130 801 4189 incertum
825 4138 975 4190 auctorem
1000 4125 1035 4184 ad
1059 4121 1242 4182 Herennium
1267 4123 1328 4181 sive
1352 4122 1423 4182 adu-

250 4224 448 4286 lescentulum
472 4222 564 4304 illum,
588 4227 640 4304 qui
663 4228 762 4286 omnia
785 4244 861 4306 qnae
884 4226 914 4286 in
939 4221 1048 4282 scholis
1072 4220 1106 4280 ad
1133 4226 1288 4298 praecepta
1313 4226 1343 4278 et
1362 4219 1424 4279 dic-

251 4332 310 4385 tata
335 4323 470 4402 magistri
493 4323 539 4381 sui
563 4321 658 4403 latini,
682 4323 808 4384 tortasse
832 4322 864 4383 L.
884 4321 971 4382 Plotii
995 4319 1077 4398 Galli,
1101 4319 1319 4395 conscripserat
1342 4316 1425 4376 domi

251 4421 338 4484 modo
371 4420 405 4480 ad
435 4418 560 4480 verbum
588 4422 778 4500 transcripsit
805 4419 892 4480 modo
921 4417 1074 4497 paululum
1102 4416 1227 4475 mutavit
1254 4421 1284 4474 et
1312 4413 1424 4474 addita-
