<?xml version="1.0" encoding="UTF-8"?>
<!DOCTYPE html PUBLIC "-//W3C//DTD XHTML 1.0 Transitional//EN"
    "http://www.w3.org/TR/xhtml1/DTD/xhtml1-transitional.dtd">
<html xmlns="http://www.w3.org/1999/xhtml" xml:lang="en" lang="en">
 <head>
  <title>
</title>
<meta http-equiv="Content-Type" content="text/html;charset=utf-8" />
  <meta name='ocr-system' content='tesseract 3.04.00' />
  <meta name='ocr-capabilities' content='ocr_page ocr_carea ocr_par ocr_line ocrx_word'/>
</head>
<body>
  <div class='ocr_page' id='page_1' title='image "./quaestionesruti00kriegoog_0046.png"; bbox 0 0 3098 5024; ppageno 0'>
   <div class='ocr_carea' id='block_1_1' title="bbox 587 300 806 364">
    <p class='ocr_par' dir='ltr' id='par_1_1' title="bbox 587 300 806 364">
     <span class='ocr_line' id='line_1_1' title="bbox 587 300 806 364; baseline 0.005 -19"><span class='ocrx_word' id='word_1_1' title='bbox 587 300 806 364; x_wconf 63' lang='grc'>,39-</span> 
     </span>
    </p>
   </div>
   <div class='ocr_carea' id='block_1_2' title="bbox 103 481 1285 861">
    <p class='ocr_par' dir='ltr' id='par_1_2' title="bbox 103 481 1285 861">
     <span class='ocr_line' id='line_1_2' title="bbox 104 481 1285 563; baseline -0.001 -18"><span class='ocrx_word' id='word_1_2' title='bbox 104 487 233 547; x_wconf 84' lang='lat' dir='ltr'>licerent</span> <span class='ocrx_word' id='word_1_3' title='bbox 257 484 334 563; x_wconf 88' lang='lat' dir='ltr'>apud</span> <span class='ocrx_word' id='word_1_4' title='bbox 359 483 511 561; x_wconf 80' lang='lat' dir='ltr'>Gorgiam,</span> <span class='ocrx_word' id='word_1_5' title='bbox 540 501 607 542; x_wconf 90' lang='lat' dir='ltr'>eum</span> <span class='ocrx_word' id='word_1_6' title='bbox 632 500 691 541; x_wconf 94' lang='lat' dir='ltr'>non</span> <span class='ocrx_word' id='word_1_7' title='bbox 716 484 787 542; x_wconf 85' lang='lat' dir='ltr'>satis</span> <span class='ocrx_word' id='word_1_8' title='bbox 811 481 994 542; x_wconf 85' lang='lat' dir='ltr'>intellexisse</span> <span class='ocrx_word' id='word_1_9' title='bbox 1018 516 1060 538; x_wconf 45' lang='grc'>,-</span> <span class='ocrx_word' id='word_1_10' title='bbox 1085 483 1151 544; x_wconf 91' lang='lat' dir='ltr'>dico</span> <span class='ocrx_word' id='word_1_11' title='bbox 1175 485 1285 562; x_wconf 84' lang='lat' dir='ltr'>figuras</span> 
     </span>
     <span class='ocr_line' id='line_1_3' title="bbox 103 575 1283 664; baseline -0.002 -20"><span class='ocrx_word' id='word_1_12' title='bbox 103 581 296 664; x_wconf 83' lang='grc' dir='ltr'><strong><em>παρομοίον</em></strong></span> <span class='ocrx_word' id='word_1_13' title='bbox 325 577 577 660; x_wconf 80' lang='grc' dir='ltr'><strong><em>ὁμοιοτελεύτον</em></strong></span> <span class='ocrx_word' id='word_1_14' title='bbox 606 575 833 659; x_wconf 80' lang='grc' dir='ltr'><strong><em>δμοιοιιτώιου</em></strong></span> <span class='ocrx_word' id='word_1_15' title='bbox 857 613 899 623; x_wconf 90' lang='lat'><em>-</em></span> <span class='ocrx_word' id='word_1_16' title='bbox 924 598 1014 659; x_wconf 87' lang='lat' dir='ltr'>supra</span> <span class='ocrx_word' id='word_1_17' title='bbox 1042 580 1194 658; x_wconf 78' lang='lat' dir='ltr'>probabile</span> <span class='ocrx_word' id='word_1_18' title='bbox 1218 582 1283 642; x_wconf 91' lang='lat' dir='ltr'>red·</span> 
     </span>
     <span class='ocr_line' id='line_1_4' title="bbox 105 675 1284 757; baseline -0.001 -17"><span class='ocrx_word' id='word_1_19' title='bbox 105 681 185 742; x_wconf 93' lang='lat' dir='ltr'>didi:</span> <span class='ocrx_word' id='word_1_20' title='bbox 215 689 245 741; x_wconf 92' lang='lat' dir='ltr'>at</span> <span class='ocrx_word' id='word_1_21' title='bbox 273 682 361 740; x_wconf 85' lang='lat' dir='ltr'>etiam</span> <span class='ocrx_word' id='word_1_22' title='bbox 390 679 444 738; x_wconf 90' lang='lat' dir='ltr'>bae</span> <span class='ocrx_word' id='word_1_23' title='bbox 473 681 606 757; x_wconf 86' lang='lat' dir='ltr'>quamvis</span> <span class='ocrx_word' id='word_1_24' title='bbox 634 695 738 756; x_wconf 88' lang='lat' dir='ltr'>parurn</span> <span class='ocrx_word' id='word_1_25' title='bbox 764 675 894 737; x_wconf 88' lang='lat' dir='ltr'>dilucide</span> <span class='ocrx_word' id='word_1_26' title='bbox 919 677 1075 738; x_wconf 80' lang='lat' dir='ltr'>distinctae</span> <span class='ocrx_word' id='word_1_27' title='bbox 1100 678 1176 757; x_wconf 89' lang='lat' dir='ltr'>apud</span> <span class='ocrx_word' id='word_1_28' title='bbox 1201 679 1284 740; x_wconf 85' lang='lat' dir='ltr'>Ruti-</span> 
     </span>
     <span class='ocr_line' id='line_1_5' title="bbox 104 772 1283 861; baseline -0.003 -22"><span class='ocrx_word' id='word_1_29' title='bbox 104 779 182 839; x_wconf 91' lang='lat' dir='ltr'>lium</span> <span class='ocrx_word' id='word_1_30' title='bbox 216 772 374 861; x_wconf 83' lang='lat' dir='ltr'>exstant.¹)</span> <span class='ocrx_word' id='word_1_31' title='bbox 425 776 490 837; x_wconf 90' lang='lat' dir='ltr'>Non</span> <span class='ocrx_word' id='word_1_32' title='bbox 519 778 610 855; x_wconf 84' lang='lat' dir='ltr'>igitur</span> <span class='ocrx_word' id='word_1_33' title='bbox 638 793 741 835; x_wconf 91' lang='lat' dir='ltr'>sanum</span> <span class='ocrx_word' id='word_1_34' title='bbox 771 776 852 834; x_wconf 92' lang='lat' dir='ltr'>omni</span> <span class='ocrx_word' id='word_1_35' title='bbox 879 776 909 834; x_wconf 94' lang='lat' dir='ltr'>in</span> <span class='ocrx_word' id='word_1_36' title='bbox 938 794 971 834; x_wconf 89' lang='lat' dir='ltr'>re</span> <span class='ocrx_word' id='word_1_37' title='bbox 999 775 1082 836; x_wconf 89' lang='lat' dir='ltr'>illum</span> <span class='ocrx_word' id='word_1_38' title='bbox 1111 775 1283 846; x_wconf 75' lang='lat' dir='ltr'>Quintiliani</span> 
     </span>
    </p>
   </div>
   <div class='ocr_carea' id='block_1_3' title="bbox 11 872 1283 955">
    <p class='ocr_par' dir='ltr' id='par_1_3' title="bbox 11 872 1283 955">
     <span class='ocr_line' id='line_1_6' title="bbox 11 872 1283 955; baseline -0.002 -18"><span class='ocrx_word' id='word_1_39' title='bbox 11 929 12 944; x_wconf 66' lang='grc'><strong><em>,</em></strong></span> <span class='ocrx_word' id='word_1_40' title='bbox 105 877 208 937; x_wconf 82' lang='grc' dir='ltr'><strong><em>Ιοοιιιιι</em></strong></span> <span class='ocrx_word' id='word_1_41' title='bbox 237 886 323 955; x_wconf 89' lang='lat' dir='ltr'>puto:</span> <span class='ocrx_word' id='word_1_42' title='bbox 352 876 449 935; x_wconf 87' lang='lat' dir='ltr'>sanari</span> <span class='ocrx_word' id='word_1_43' title='bbox 476 882 575 934; x_wconf 92' lang='lat' dir='ltr'>tamen</span> <span class='ocrx_word' id='word_1_44' title='bbox 604 872 743 952; x_wconf 79' lang='lat' dir='ltr'>perfacile</span> <span class='ocrx_word' id='word_1_45' title='bbox 772 875 812 932; x_wconf 90' lang='lat' dir='ltr'>ita</span> <span class='ocrx_word' id='word_1_46' title='bbox 840 880 953 951; x_wconf 85' lang='lat' dir='ltr'>potest,</span> <span class='ocrx_word' id='word_1_47' title='bbox 982 882 1015 933; x_wconf 91' lang='lat' dir='ltr'>ut</span> <span class='ocrx_word' id='word_1_48' title='bbox 1042 892 1110 934; x_wconf 92' lang='lat' dir='ltr'>cum</span> <span class='ocrx_word' id='word_1_49' title='bbox 1139 873 1283 935; x_wconf 82' lang='lat' dir='ltr'>hhrensio</span> 
     </span>
    </p>
   </div>
   <div class='ocr_carea' id='block_1_4' title="bbox 104 969 1281 1050">
    <p class='ocr_par' dir='ltr' id='par_1_4' title="bbox 104 969 1281 1050">
     <span class='ocr_line' id='line_1_7' title="bbox 104 969 1281 1050; baseline -0.002 -16"><span class='ocrx_word' id='word_1_50' title='bbox 104 974 200 1034; x_wconf 92' lang='lat' dir='ltr'>unius</span> <span class='ocrx_word' id='word_1_51' title='bbox 218 979 333 1033; x_wconf 90' lang='lat' dir='ltr'>tantum</span> <span class='ocrx_word' id='word_1_52' title='bbox 353 971 469 1032; x_wconf 82' lang='lat' dir='ltr'>litterae</span> <span class='ocrx_word' id='word_1_53' title='bbox 488 973 651 1032; x_wconf 88' lang='lat' dir='ltr'>mutatione</span> <span class='ocrx_word' id='word_1_54' title='bbox 669 989 724 1050; x_wconf 93' lang='lat' dir='ltr'>pro</span> <span class='ocrx_word' id='word_1_55' title='bbox 744 987 845 1032; x_wconf 81' lang='lat' dir='ltr'>unum</span> <span class='ocrx_word' id='word_1_56' title='bbox 865 969 1030 1031; x_wconf 90' lang='lat' dir='ltr'>scribamus</span> <span class='ocrx_word' id='word_1_57' title='bbox 1049 988 1149 1032; x_wconf 80' lang='lat' dir='ltr'>usum.</span> <span class='ocrx_word' id='word_1_58' title='bbox 1188 972 1281 1043; x_wconf 86' lang='lat' dir='ltr'>Quam</span> 
     </span>
    </p>
   </div>
   <div class='ocr_carea' id='block_1_5' title="bbox 10 1068 1283 1148">
    <p class='ocr_par' dir='ltr' id='par_1_5' title="bbox 10 1068 1283 1148">
     <span class='ocr_line' id='line_1_8' title="bbox 10 1068 1283 1148; baseline -0.002 -17"><span class='ocrx_word' id='word_1_59' title='bbox 10 1103 11 1110; x_wconf 32' lang='grc' dir='ltr'><strong><em>ι</em></strong></span> <span class='ocrx_word' id='word_1_60' title='bbox 105 1072 313 1131; x_wconf 86' lang='lat' dir='ltr'>coniecturam</span> <span class='ocrx_word' id='word_1_61' title='bbox 342 1070 424 1129; x_wconf 92' lang='lat' dir='ltr'>omni</span> <span class='ocrx_word' id='word_1_62' title='bbox 452 1071 482 1128; x_wconf 92' lang='lat' dir='ltr'>in</span> <span class='ocrx_word' id='word_1_63' title='bbox 511 1087 543 1129; x_wconf 91' lang='lat' dir='ltr'>re</span> <span class='ocrx_word' id='word_1_64' title='bbox 571 1068 753 1148; x_wconf 90' lang='lat' dir='ltr'>prohabilem</span> <span class='ocrx_word' id='word_1_65' title='bbox 783 1072 808 1128; x_wconf 90' lang='lat' dir='ltr'>si</span> <span class='ocrx_word' id='word_1_66' title='bbox 836 1071 1011 1148; x_wconf 87' lang='lat' dir='ltr'>recipimus,</span> <span class='ocrx_word' id='word_1_67' title='bbox 1039 1078 1101 1129; x_wconf 87' lang='lat' dir='ltr'>turn</span> <span class='ocrx_word' id='word_1_68' title='bbox 1127 1069 1283 1130; x_wconf 83' lang='lat' dir='ltr'>difficultas</span> 
     </span>
    </p>
   </div>
   <div class='ocr_carea' id='block_1_6' title="bbox 107 1166 1282 1343">
    <p class='ocr_par' dir='ltr' id='par_1_6' title="bbox 107 1166 1282 1343">
     <span class='ocr_line' id='line_1_9' title="bbox 107 1166 1282 1248; baseline 0.001 -20"><span class='ocrx_word' id='word_1_69' title='bbox 107 1170 207 1228; x_wconf 91' lang='lat' dir='ltr'>omnis</span> <span class='ocrx_word' id='word_1_70' title='bbox 232 1166 347 1227; x_wconf 91' lang='lat' dir='ltr'>sublata</span> <span class='ocrx_word' id='word_1_71' title='bbox 371 1176 429 1229; x_wconf 90' lang='lat' dir='ltr'>est:</span> <span class='ocrx_word' id='word_1_72' title='bbox 455 1175 516 1226; x_wconf 90' lang='lat' dir='ltr'>tum</span> <span class='ocrx_word' id='word_1_73' title='bbox 540 1169 620 1226; x_wconf 87' lang='lat' dir='ltr'>enim</span> <span class='ocrx_word' id='word_1_74' title='bbox 644 1166 717 1226; x_wconf 87' lang='lat' dir='ltr'>nihil</span> <span class='ocrx_word' id='word_1_75' title='bbox 741 1167 874 1248; x_wconf 90' lang='lat' dir='ltr'>impedit,</span> <span class='ocrx_word' id='word_1_76' title='bbox 899 1186 934 1226; x_wconf 93' lang='lat' dir='ltr'>ne</span> <span class='ocrx_word' id='word_1_77' title='bbox 955 1166 1129 1227; x_wconf 80' lang='lat' dir='ltr'>divisionem</span> <span class='ocrx_word' id='word_1_78' title='bbox 1149 1169 1180 1227; x_wconf 93' lang='lat' dir='ltr'>in</span> <span class='ocrx_word' id='word_1_79' title='bbox 1200 1177 1282 1248; x_wconf 91' lang='lat' dir='ltr'>quat·</span> 
     </span>
     <span class='ocr_line' id='line_1_10' title="bbox 107 1263 1282 1343; baseline 0.001 -17"><span class='ocrx_word' id='word_1_80' title='bbox 107 1275 179 1326; x_wconf 90' lang='lat' dir='ltr'>tuor</span> <span class='ocrx_word' id='word_1_81' title='bbox 208 1265 300 1326; x_wconf 91' lang='lat' dir='ltr'>libros</span> <span class='ocrx_word' id='word_1_82' title='bbox 328 1283 343 1324; x_wconf 91' lang='lat' dir='ltr'>a</span> <span class='ocrx_word' id='word_1_83' title='bbox 372 1264 479 1341; x_wconf 82' lang='lat' dir='ltr'>Gorgia</span> <span class='ocrx_word' id='word_1_84' title='bbox 508 1265 613 1324; x_wconf 88' lang='lat' dir='ltr'>laetam</span> <span class='ocrx_word' id='word_1_85' title='bbox 643 1263 679 1324; x_wconf 90' lang='lat' dir='ltr'>ah</span> <span class='ocrx_word' id='word_1_86' title='bbox 707 1266 772 1343; x_wconf 93' lang='lat' dir='ltr'>ipso</span> <span class='ocrx_word' id='word_1_87' title='bbox 796 1264 906 1325; x_wconf 89' lang='lat' dir='ltr'>Rutilio</span> <span class='ocrx_word' id='word_1_88' title='bbox 935 1274 1081 1325; x_wconf 90' lang='lat' dir='ltr'>servatam</span> <span class='ocrx_word' id='word_1_89' title='bbox 1109 1273 1282 1333; x_wconf 87' lang='lat' dir='ltr'>statuamus.</span> 
     </span>
    </p>
   </div>
   <div class='ocr_carea' id='block_1_7' title="bbox 159 1489 1233 1672">
    <p class='ocr_par' dir='ltr' id='par_1_7' title="bbox 159 1489 1233 1672">
     <span class='ocr_line' id='line_1_11' title="bbox 159 1489 1233 1574; baseline 0.001 -18"><span class='ocrx_word' id='word_1_90' title='bbox 159 1494 228 1574; x_wconf 70' lang='lat' dir='ltr'>§i</span> <span class='ocrx_word' id='word_1_91' title='bbox 268 1491 378 1557; x_wconf 85' lang='lat' dir='ltr'>Utrum</span> <span class='ocrx_word' id='word_1_92' title='bbox 401 1490 508 1574; x_wconf 87' lang='lat' dir='ltr'>priore</span> <span class='ocrx_word' id='word_1_93' title='bbox 531 1490 601 1556; x_wconf 91' lang='lat' dir='ltr'>loco</span> <span class='ocrx_word' id='word_1_94' title='bbox 624 1489 768 1556; x_wconf 86' lang='lat' dir='ltr'>Rutilius</span> <span class='ocrx_word' id='word_1_95' title='bbox 792 1490 914 1573; x_wconf 82' lang='lat' dir='ltr'>liguros</span> <span class='ocrx_word' id='word_1_96' title='bbox 937 1491 1169 1556; x_wconf 74' lang='lat' dir='ltr'>senbntiorum</span> <span class='ocrx_word' id='word_1_97' title='bbox 1193 1509 1233 1557; x_wconf 83' lang='lat' dir='ltr'>on</span> 
     </span>
     <span class='ocr_line' id='line_1_12' title="bbox 491 1587 902 1672; baseline 0.002 -19"><span class='ocrx_word' id='word_1_98' title='bbox 491 1588 661 1654; x_wconf 87' lang='lat' dir='ltr'>verborum</span> <span class='ocrx_word' id='word_1_99' title='bbox 687 1587 902 1672; x_wconf 83' lang='lat' dir='ltr'>descripserit.</span> 
     </span>
    </p>
   </div>
   <div class='ocr_carea' id='block_1_8' title="bbox 106 1735 1282 2597">
    <p class='ocr_par' dir='ltr' id='par_1_8' title="bbox 106 1735 1282 2012">
     <span class='ocr_line' id='line_1_13' title="bbox 199 1735 1282 1815; baseline 0 -19"><span class='ocrx_word' id='word_1_100' title='bbox 199 1736 231 1796; x_wconf 90' lang='lat' dir='ltr'>ln</span> <span class='ocrx_word' id='word_1_101' title='bbox 265 1739 328 1815; x_wconf 87' lang='lat' dir='ltr'>ipsa</span> <span class='ocrx_word' id='word_1_102' title='bbox 362 1743 460 1796; x_wconf 90' lang='lat' dir='ltr'>antem</span> <span class='ocrx_word' id='word_1_103' title='bbox 489 1736 651 1813; x_wconf 84' lang='lat' dir='ltr'>figurarum</span> <span class='ocrx_word' id='word_1_104' title='bbox 682 1737 869 1812; x_wconf 88' lang='lat' dir='ltr'>tractatione,</span> <span class='ocrx_word' id='word_1_105' title='bbox 902 1754 990 1814; x_wconf 90' lang='lat' dir='ltr'>quam</span> <span class='ocrx_word' id='word_1_106' title='bbox 1021 1743 1162 1814; x_wconf 91' lang='lat' dir='ltr'>quattuor</span> <span class='ocrx_word' id='word_1_107' title='bbox 1190 1735 1282 1796; x_wconf 92' lang='lat' dir='ltr'>lihros</span> 
     </span>
     <span class='ocr_line' id='line_1_14' title="bbox 106 1832 1281 1914; baseline -0.002 -19"><span class='ocrx_word' id='word_1_108' title='bbox 106 1853 175 1895; x_wconf 90' lang='lat' dir='ltr'>esse</span> <span class='ocrx_word' id='word_1_109' title='bbox 200 1833 382 1913; x_wconf 84' lang='lat' dir='ltr'>complexam</span> <span class='ocrx_word' id='word_1_110' title='bbox 407 1835 469 1892; x_wconf 85' lang='lat' dir='ltr'>veri</span> <span class='ocrx_word' id='word_1_111' title='bbox 493 1832 579 1911; x_wconf 84' lang='lat' dir='ltr'>longe</span> <span class='ocrx_word' id='word_1_112' title='bbox 604 1832 786 1892; x_wconf 88' lang='lat' dir='ltr'>simillimum</span> <span class='ocrx_word' id='word_1_113' title='bbox 811 1843 865 1913; x_wconf 90' lang='lat' dir='ltr'>est,</span> <span class='ocrx_word' id='word_1_114' title='bbox 889 1835 986 1895; x_wconf 93' lang='lat' dir='ltr'>oritur</span> <span class='ocrx_word' id='word_1_115' title='bbox 1011 1835 1156 1914; x_wconf 85' lang='lat' dir='ltr'>quaestio,</span> <span class='ocrx_word' id='word_1_116' title='bbox 1180 1843 1281 1894; x_wconf 91' lang='lat' dir='ltr'>utrum</span> 
     </span>
     <span class='ocr_line' id='line_1_15' title="bbox 106 1931 1282 2012; baseline 0 -19"><span class='ocrx_word' id='word_1_117' title='bbox 106 1934 210 2012; x_wconf 91' lang='lat' dir='ltr'>priore</span> <span class='ocrx_word' id='word_1_118' title='bbox 239 1931 303 1992; x_wconf 89' lang='lat' dir='ltr'>loco</span> <span class='ocrx_word' id='word_1_119' title='bbox 332 1931 499 2010; x_wconf 89' lang='lat' dir='ltr'>descriptae</span> <span class='ocrx_word' id='word_1_120' title='bbox 529 1931 640 1991; x_wconf 87' lang='lat' dir='ltr'>luerint</span> <span class='ocrx_word' id='word_1_121' title='bbox 668 1931 883 1991; x_wconf 88' lang='lat' dir='ltr'>sententiarum</span> <span class='ocrx_word' id='word_1_122' title='bbox 912 1932 1024 2010; x_wconf 82' lang='lat' dir='ltr'>figurae</span> <span class='ocrx_word' id='word_1_123' title='bbox 1053 1950 1090 1992; x_wconf 92' lang='lat' dir='ltr'>an</span> <span class='ocrx_word' id='word_1_124' title='bbox 1113 1931 1282 1993; x_wconf 86' lang='lat' dir='ltr'>verborum.</span> 
     </span>
    </p>

    <p class='ocr_par' dir='ltr' id='par_1_9' title="bbox 106 2028 1281 2597">
     <span class='ocr_line' id='line_1_16' title="bbox 200 2028 1281 2108; baseline 0.002 -20"><span class='ocrx_word' id='word_1_125' title='bbox 200 2029 276 2089; x_wconf 88' lang='lat' dir='ltr'>Sane</span> <span class='ocrx_word' id='word_1_126' title='bbox 301 2028 435 2089; x_wconf 91' lang='lat' dir='ltr'>solehant</span> <span class='ocrx_word' id='word_1_127' title='bbox 458 2030 510 2107; x_wconf 92' lang='lat' dir='ltr'>qui</span> <span class='ocrx_word' id='word_1_128' title='bbox 535 2037 695 2108; x_wconf 91' lang='lat' dir='ltr'>utrumque</span> <span class='ocrx_word' id='word_1_129' title='bbox 719 2046 813 2106; x_wconf 84' lang='lat' dir='ltr'>genus</span> <span class='ocrx_word' id='word_1_130' title='bbox 832 2029 994 2108; x_wconf 87' lang='lat' dir='ltr'>figurarum</span> <span class='ocrx_word' id='word_1_131' title='bbox 1013 2028 1179 2090; x_wconf 87' lang='lat' dir='ltr'>tractabant</span> <span class='ocrx_word' id='word_1_132' title='bbox 1198 2031 1281 2108; x_wconf 90' lang='lat' dir='ltr'>prius</span> 
     </span>
     <span class='ocr_line' id='line_1_17' title="bbox 106 2116 1281 2205; baseline -0.003 -17"><span class='ocrx_word' id='word_1_133' title='bbox 106 2127 259 2188; x_wconf 91' lang='lat' dir='ltr'>schemata</span> <span class='ocrx_word' id='word_1_134' title='bbox 284 2127 423 2187; x_wconf 92' lang='lat' dir='ltr'>dianoeas</span> <span class='ocrx_word' id='word_1_135' title='bbox 441 2116 534 2204; x_wconf 52' lang='lat' dir='ltr'>‘quarn</span> <span class='ocrx_word' id='word_1_136' title='bbox 559 2125 657 2184; x_wconf 83' lang='lat' dir='ltr'>lexeos</span> <span class='ocrx_word' id='word_1_137' title='bbox 682 2124 861 2205; x_wconf 86' lang='lat' dir='ltr'>describere,</span> <span class='ocrx_word' id='word_1_138' title='bbox 888 2129 956 2204; x_wconf 94' lang='lat' dir='ltr'>quia</span> <span class='ocrx_word' id='word_1_139' title='bbox 980 2134 1010 2186; x_wconf 94' lang='lat' dir='ltr'>et</span> <span class='ocrx_word' id='word_1_140' title='bbox 1033 2134 1156 2186; x_wconf 90' lang='lat' dir='ltr'>naturae</span> <span class='ocrx_word' id='word_1_141' title='bbox 1180 2127 1281 2186; x_wconf 90' lang='lat' dir='ltr'>huma-</span> 
     </span>
     <span class='ocr_line' id='line_1_18' title="bbox 106 2222 1281 2303; baseline -0.002 -17"><span class='ocrx_word' id='word_1_142' title='bbox 106 2245 164 2286; x_wconf 90' lang='lat' dir='ltr'>nae</span> <span class='ocrx_word' id='word_1_143' title='bbox 188 2225 218 2286; x_wconf 94' lang='lat' dir='ltr'>id</span> <span class='ocrx_word' id='word_1_144' title='bbox 242 2227 334 2303; x_wconf 83' lang='lat' dir='ltr'>magis</span> <span class='ocrx_word' id='word_1_145' title='bbox 358 2227 516 2285; x_wconf 89' lang='lat' dir='ltr'>convenire</span> <span class='ocrx_word' id='word_1_146' title='bbox 540 2222 684 2301; x_wconf 89' lang='lat' dir='ltr'>putabant</span> <span class='ocrx_word' id='word_1_147' title='bbox 705 2225 789 2301; x_wconf 90' lang='lat' dir='ltr'>prius</span> <span class='ocrx_word' id='word_1_148' title='bbox 809 2226 988 2302; x_wconf 89' lang='lat' dir='ltr'>concipienti</span> <span class='ocrx_word' id='word_1_149' title='bbox 1008 2226 1105 2284; x_wconf 92' lang='lat' dir='ltr'>animo</span> <span class='ocrx_word' id='word_1_150' title='bbox 1125 2242 1174 2284; x_wconf 88' lang='lat' dir='ltr'>res</span> <span class='ocrx_word' id='word_1_151' title='bbox 1193 2243 1281 2302; x_wconf 91' lang='lat' dir='ltr'>quam</span> 
     </span>
     <span class='ocr_line' id='line_1_19' title="bbox 106 2319 1281 2403; baseline 0.001 -20"><span class='ocrx_word' id='word_1_152' title='bbox 106 2324 316 2403; x_wconf 89' lang='lat' dir='ltr'>pronuntianti</span> <span class='ocrx_word' id='word_1_153' title='bbox 340 2332 370 2383; x_wconf 90' lang='lat' dir='ltr'>et</span> <span class='ocrx_word' id='word_1_154' title='bbox 393 2323 543 2400; x_wconf 85' lang='lat' dir='ltr'>graviores</span> <span class='ocrx_word' id='word_1_155' title='bbox 568 2319 761 2398; x_wconf 87' lang='lat' dir='ltr'>utilioresque</span> <span class='ocrx_word' id='word_1_156' title='bbox 781 2323 811 2379; x_wconf 94' lang='lat' dir='ltr'>in</span> <span class='ocrx_word' id='word_1_157' title='bbox 831 2321 999 2381; x_wconf 84' lang='lat' dir='ltr'>exornanda</span> <span class='ocrx_word' id='word_1_158' title='bbox 1019 2323 1152 2383; x_wconf 92' lang='lat' dir='ltr'>oratione</span> <span class='ocrx_word' id='word_1_159' title='bbox 1173 2323 1281 2400; x_wconf 83' lang='lat' dir='ltr'>figuras</span> 
     </span>
     <span class='ocr_line' id='line_1_20' title="bbox 107 2417 1280 2501; baseline -0.002 -19"><span class='ocrx_word' id='word_1_160' title='bbox 107 2423 325 2482; x_wconf 88' lang='lat' dir='ltr'>sententiarum</span> <span class='ocrx_word' id='word_1_161' title='bbox 351 2437 439 2499; x_wconf 91' lang='lat' dir='ltr'>quam</span> <span class='ocrx_word' id='word_1_162' title='bbox 463 2418 639 2478; x_wconf 89' lang='lat' dir='ltr'>elocutionis</span> <span class='ocrx_word' id='word_1_163' title='bbox 658 2417 837 2478; x_wconf 89' lang='lat' dir='ltr'>iudicabant.</span> <span class='ocrx_word' id='word_1_164' title='bbox 880 2418 1064 2497; x_wconf 83' lang='lat' dir='ltr'>Quamquam</span> <span class='ocrx_word' id='word_1_165' title='bbox 1085 2437 1144 2479; x_wconf 94' lang='lat' dir='ltr'>non</span> <span class='ocrx_word' id='word_1_166' title='bbox 1163 2420 1280 2501; x_wconf 92' lang='lat' dir='ltr'>desunt,</span> 
     </span>
     <span class='ocr_line' id='line_1_21' title="bbox 107 2514 1281 2597; baseline 0.001 -21"><span class='ocrx_word' id='word_1_167' title='bbox 107 2519 161 2597; x_wconf 91' lang='lat' dir='ltr'>qui</span> <span class='ocrx_word' id='word_1_168' title='bbox 195 2517 332 2577; x_wconf 91' lang='lat' dir='ltr'>dianoeas</span> <span class='ocrx_word' id='word_1_169' title='bbox 366 2514 514 2576; x_wconf 88' lang='lat' dir='ltr'>schemata</span> <span class='ocrx_word' id='word_1_170' title='bbox 547 2525 614 2594; x_wconf 91' lang='lat' dir='ltr'>post</span> <span class='ocrx_word' id='word_1_171' title='bbox 647 2516 796 2576; x_wconf 89' lang='lat' dir='ltr'>schemata</span> <span class='ocrx_word' id='word_1_172' title='bbox 829 2515 928 2576; x_wconf 85' lang='lat' dir='ltr'>lexeos</span> <span class='ocrx_word' id='word_1_173' title='bbox 962 2519 1167 2596; x_wconf 87' lang='lat' dir='ltr'>tractaverint,</span> <span class='ocrx_word' id='word_1_174' title='bbox 1201 2517 1281 2578; x_wconf 86' lang='lat' dir='ltr'>velut</span> 
     </span>
    </p>
   </div>
   <div class='ocr_carea' id='block_1_9' title="bbox 6 2613 1281 2693">
    <p class='ocr_par' dir='ltr' id='par_1_10' title="bbox 6 2613 1281 2693">
     <span class='ocr_line' id='line_1_22' title="bbox 6 2613 1281 2693; baseline -0.001 -18"><span class='ocrx_word' id='word_1_175' title='bbox 6 2683 7 2690; x_wconf 15' lang='lat'>¹</span> <span class='ocrx_word' id='word_1_176' title='bbox 107 2625 214 2675; x_wconf 82' lang='lat' dir='ltr'>atrctor</span> <span class='ocrx_word' id='word_1_177' title='bbox 241 2614 277 2674; x_wconf 92' lang='lat' dir='ltr'>ad</span> <span class='ocrx_word' id='word_1_178' title='bbox 306 2614 488 2673; x_wconf 89' lang='lat' dir='ltr'>llereonium</span> <span class='ocrx_word' id='word_1_179' title='bbox 518 2622 547 2674; x_wconf 92' lang='lat' dir='ltr'>et</span> <span class='ocrx_word' id='word_1_180' title='bbox 571 2613 782 2693; x_wconf 88' lang='lat' dir='ltr'>Phoehammo,</span> <span class='ocrx_word' id='word_1_181' title='bbox 810 2613 840 2672; x_wconf 93' lang='lat' dir='ltr'>id</span> <span class='ocrx_word' id='word_1_182' title='bbox 869 2614 948 2692; x_wconf 91' lang='lat' dir='ltr'>quod</span> <span class='ocrx_word' id='word_1_183' title='bbox 978 2613 1023 2673; x_wconf 88' lang='lat' dir='ltr'>vel</span> <span class='ocrx_word' id='word_1_184' title='bbox 1052 2613 1119 2673; x_wconf 93' lang='lat' dir='ltr'>ideo</span> <span class='ocrx_word' id='word_1_185' title='bbox 1147 2632 1205 2674; x_wconf 92' lang='lat' dir='ltr'>non</span> <span class='ocrx_word' id='word_1_186' title='bbox 1235 2624 1281 2674; x_wconf 90' lang='lat' dir='ltr'>est</span> 
     </span>
    </p>
   </div>
   <div class='ocr_carea' id='block_1_10' title="bbox 106 2711 1280 3182">
    <p class='ocr_par' dir='ltr' id='par_1_11' title="bbox 106 2711 1280 3182">
     <span class='ocr_line' id='line_1_23' title="bbox 106 2711 1279 2792; baseline -0.002 -19"><span class='ocrx_word' id='word_1_187' title='bbox 106 2712 285 2792; x_wconf 88' lang='lat' dir='ltr'>mirandum,</span> <span class='ocrx_word' id='word_1_188' title='bbox 310 2715 377 2790; x_wconf 92' lang='lat' dir='ltr'>quia</span> <span class='ocrx_word' id='word_1_189' title='bbox 401 2711 560 2772; x_wconf 85' lang='lat' dir='ltr'>verborum</span> <span class='ocrx_word' id='word_1_190' title='bbox 584 2711 694 2789; x_wconf 85' lang='lat' dir='ltr'>figuras</span> <span class='ocrx_word' id='word_1_191' title='bbox 719 2713 801 2788; x_wconf 90' lang='lat' dir='ltr'>prius</span> <span class='ocrx_word' id='word_1_192' title='bbox 825 2729 913 2789; x_wconf 89' lang='lat' dir='ltr'>quam</span> <span class='ocrx_word' id='word_1_193' title='bbox 938 2713 1154 2771; x_wconf 90' lang='lat' dir='ltr'>sententiarum</span> <span class='ocrx_word' id='word_1_194' title='bbox 1177 2731 1192 2771; x_wconf 96' lang='lat' dir='ltr'>a</span> <span class='ocrx_word' id='word_1_195' title='bbox 1213 2712 1279 2772; x_wconf 94' lang='lat' dir='ltr'>rhe-</span> 
     </span>
     <span class='ocr_line' id='line_1_24' title="bbox 106 2807 1278 2886; baseline -0.002 -14"><span class='ocrx_word' id='word_1_196' title='bbox 106 2810 224 2872; x_wconf 89' lang='lat' dir='ltr'>toribus</span> <span class='ocrx_word' id='word_1_197' title='bbox 248 2819 362 2871; x_wconf 91' lang='lat' dir='ltr'>notatas</span> <span class='ocrx_word' id='word_1_198' title='bbox 387 2827 452 2869; x_wconf 91' lang='lat' dir='ltr'>esse</span> <span class='ocrx_word' id='word_1_199' title='bbox 476 2820 558 2870; x_wconf 88' lang='lat' dir='ltr'>certo</span> <span class='ocrx_word' id='word_1_200' title='bbox 582 2816 706 2869; x_wconf 88' lang='lat' dir='ltr'>constat.</span> <span class='ocrx_word' id='word_1_201' title='bbox 749 2807 927 2886; x_wconf 89' lang='lat' dir='ltr'>Plerumque</span> <span class='ocrx_word' id='word_1_202' title='bbox 951 2819 1049 2869; x_wconf 88' lang='lat' dir='ltr'>tamen</span> <span class='ocrx_word' id='word_1_203' title='bbox 1074 2817 1189 2870; x_wconf 88' lang='lat' dir='ltr'>veteres</span> <span class='ocrx_word' id='word_1_204' title='bbox 1213 2810 1278 2870; x_wconf 88' lang='lat' dir='ltr'>rhe-</span> 
     </span>
     <span class='ocr_line' id='line_1_25' title="bbox 107 2893 1279 2988; baseline -0.001 -19"><span class='ocrx_word' id='word_1_205' title='bbox 107 2919 190 2969; x_wconf 91' lang='lat' dir='ltr'>tores</span> <span class='ocrx_word' id='word_1_206' title='bbox 213 2928 229 2968; x_wconf 93' lang='lat' dir='ltr'>a</span> <span class='ocrx_word' id='word_1_207' title='bbox 253 2907 454 2968; x_wconf 89' lang='lat' dir='ltr'>schematibus</span> <span class='ocrx_word' id='word_1_208' title='bbox 478 2907 616 2968; x_wconf 91' lang='lat' dir='ltr'>dianoeas</span> <span class='ocrx_word' id='word_1_209' title='bbox 640 2909 777 2967; x_wconf 88' lang='lat' dir='ltr'>lecerunt</span> <span class='ocrx_word' id='word_1_210' title='bbox 800 2893 926 2986; x_wconf 86' lang='lat' dir='ltr'>initium,</span> <span class='ocrx_word' id='word_1_211' title='bbox 950 2914 984 2966; x_wconf 91' lang='lat' dir='ltr'>ut</span> <span class='ocrx_word' id='word_1_212' title='bbox 1002 2905 1106 2967; x_wconf 90' lang='lat' dir='ltr'>Cicero</span> <span class='ocrx_word' id='word_1_213' title='bbox 1131 2900 1182 2988; x_wconf 90' lang='lat' dir='ltr'>(de</span> <span class='ocrx_word' id='word_1_214' title='bbox 1206 2916 1279 2968; x_wconf 85' lang='lat' dir='ltr'>orat.</span> 
     </span>
     <span class='ocr_line' id='line_1_26' title="bbox 106 2999 1280 3087; baseline 0 -20"><span class='ocrx_word' id='word_1_215' title='bbox 106 3002 209 3068; x_wconf 83' lang='lat'>11153</span> <span class='ocrx_word' id='word_1_216' title='bbox 229 3000 345 3086; x_wconf 75' lang='lat' dir='ltr'>ethi),</span> <span class='ocrx_word' id='word_1_217' title='bbox 369 3003 570 3076; x_wconf 84' lang='lat' dir='ltr'>Quintilianus</span> <span class='ocrx_word' id='word_1_218' title='bbox 594 2999 645 3087; x_wconf 87' lang='lat' dir='ltr'>(cl.</span> <span class='ocrx_word' id='word_1_219' title='bbox 668 3001 815 3064; x_wconf 83' lang='lat' dir='ltr'>1x119:</span> <span class='ocrx_word' id='word_1_220' title='bbox 839 3012 872 3064; x_wconf 86' lang='lat' dir='ltr'>ut</span> <span class='ocrx_word' id='word_1_221' title='bbox 895 3023 966 3065; x_wconf 85' lang='lat' dir='ltr'>cero</span> <span class='ocrx_word' id='word_1_222' title='bbox 989 3012 1104 3066; x_wconf 84' lang='lat' dir='ltr'>nutura</span> <span class='ocrx_word' id='word_1_223' title='bbox 1122 3009 1213 3080; x_wconf 76' lang='lat' dir='ltr'>prius</span> <span class='ocrx_word' id='word_1_224' title='bbox 1236 3016 1280 3067; x_wconf 85' lang='lat' dir='ltr'>est</span> 
     </span>
     <span class='ocr_line' id='line_1_27' title="bbox 106 3104 1280 3182; baseline -0.002 -16"><span class='ocrx_word' id='word_1_225' title='bbox 106 3109 271 3181; x_wconf 81' lang='lat' dir='ltr'>concipere</span> <span class='ocrx_word' id='word_1_226' title='bbox 298 3107 399 3164; x_wconf 85' lang='lat' dir='ltr'>animo</span> <span class='ocrx_word' id='word_1_227' title='bbox 426 3121 477 3164; x_wconf 86' lang='lat' dir='ltr'>res</span> <span class='ocrx_word' id='word_1_228' title='bbox 504 3121 594 3178; x_wconf 82' lang='lat' dir='ltr'>quom</span> <span class='ocrx_word' id='word_1_229' title='bbox 618 3106 793 3182; x_wconf 81' lang='lat' dir='ltr'>enuntiare,</span> <span class='ocrx_word' id='word_1_230' title='bbox 822 3105 864 3161; x_wconf 82' lang='lat' dir='ltr'>ito</span> <span class='ocrx_word' id='word_1_231' title='bbox 889 3104 926 3162; x_wconf 84' lang='lat' dir='ltr'>de</span> <span class='ocrx_word' id='word_1_232' title='bbox 950 3105 987 3162; x_wconf 82' lang='lat' dir='ltr'>its</span> <span class='ocrx_word' id='word_1_233' title='bbox 1006 3105 1119 3177; x_wconf 75' lang='lat' dir='ltr'>fiporc&#39;s</span> <span class='ocrx_word' id='word_1_234' title='bbox 1142 3111 1213 3164; x_wconf 82' lang='lat' dir='ltr'>oble</span> <span class='ocrx_word' id='word_1_235' title='bbox 1237 3114 1280 3164; x_wconf 84' lang='lat' dir='ltr'>est</span> 
     </span>
    </p>
   </div>
   <div class='ocr_carea' id='block_1_11' title="bbox 6 3201 1281 3479">
    <p class='ocr_par' dir='ltr' id='par_1_12' title="bbox 6 3201 1281 3479">
     <span class='ocr_line' id='line_1_28' title="bbox 6 3201 1281 3286; baseline -0.002 -23"><span class='ocrx_word' id='word_1_236' title='bbox 6 3237 7 3286; x_wconf 77' lang='lat' dir='ltr'>i</span> <span class='ocrx_word' id='word_1_237' title='bbox 106 3204 288 3278; x_wconf 83' lang='lat' dir='ltr'>loquendum</span> <span class='ocrx_word' id='word_1_238' title='bbox 321 3219 400 3276; x_wconf 82' lang='lat' dir='ltr'>quoe</span> <span class='ocrx_word' id='word_1_239' title='bbox 432 3203 475 3260; x_wconf 83' lang='lat' dir='ltr'>ad</span> <span class='ocrx_word' id='word_1_240' title='bbox 505 3208 631 3261; x_wconf 86' lang='lat' dir='ltr'>mentem</span> <span class='ocrx_word' id='word_1_241' title='bbox 658 3201 828 3275; x_wconf 79' lang='lat' dir='ltr'>pertinent:</span> <span class='ocrx_word' id='word_1_242' title='bbox 860 3216 990 3274; x_wconf 77' lang='lat' dir='ltr'>quarum</span> <span class='ocrx_word' id='word_1_243' title='bbox 1018 3203 1137 3273; x_wconf 78' lang='lat' dir='ltr'>quidem</span> <span class='ocrx_word' id='word_1_244' title='bbox 1164 3204 1281 3261; x_wconf 80' lang='lat' dir='ltr'>utilitas</span> 
     </span>
     <span class='ocr_line' id='line_1_29' title="bbox 6 3299 1278 3376; baseline -0.002 -15"><span class='ocrx_word' id='word_1_245' title='bbox 6 3303 7 3376; x_wconf 57' lang='grc' dir='ltr'><strong>ἦ</strong></span> <span class='ocrx_word' id='word_1_246' title='bbox 106 3319 177 3361; x_wconf 88' lang='lat' dir='ltr'>cum</span> <span class='ocrx_word' id='word_1_247' title='bbox 205 3317 317 3375; x_wconf 74' lang='lat' dir='ltr'>mappa</span> <span class='ocrx_word' id='word_1_248' title='bbox 346 3305 408 3358; x_wconf 85' lang='lat' dir='ltr'>tum</span> <span class='ocrx_word' id='word_1_249' title='bbox 436 3301 593 3373; x_wconf 82' lang='lat' dir='ltr'>mrrltiplecr</span> <span class='ocrx_word' id='word_1_250' title='bbox 619 3301 650 3357; x_wconf 88' lang='grc' dir='ltr'>ιἰι</span> <span class='ocrx_word' id='word_1_251' title='bbox 673 3300 755 3357; x_wconf 83' lang='lat' dir='ltr'>nullo</span> <span class='ocrx_word' id='word_1_252' title='bbox 779 3314 839 3357; x_wconf 86' lang='lat' dir='ltr'>oon</span> <span class='ocrx_word' id='word_1_253' title='bbox 862 3299 1010 3356; x_wconf 80' lang='lat' dir='ltr'>orationis</span> <span class='ocrx_word' id='word_1_254' title='bbox 1033 3315 1124 3372; x_wconf 87' lang='lat' dir='ltr'>opere</span> <span class='ocrx_word' id='word_1_255' title='bbox 1148 3301 1196 3358; x_wconf 87' lang='lat' dir='ltr'>oet</span> <span class='ocrx_word' id='word_1_256' title='bbox 1217 3301 1278 3358; x_wconf 85' lang='lat' dir='ltr'>clo·</span> 
     </span>
     <span class='ocr_line' id='line_1_30' title="bbox 6 3385 1280 3479; baseline -0.002 -21"><span class='ocrx_word' id='word_1_257' title='bbox 6 3395 7 3445; x_wconf 66' lang='lat' dir='ltr'>i</span> <span class='ocrx_word' id='word_1_258' title='bbox 107 3401 229 3458; x_wconf 65' lang='lat' dir='ltr'>tissime</span> <span class='ocrx_word' id='word_1_259' title='bbox 252 3389 378 3479; x_wconf 84' lang='lat' dir='ltr'>elucet),</span> <span class='ocrx_word' id='word_1_260' title='bbox 405 3394 571 3454; x_wconf 75' lang='lat' dir='ltr'>Alexander</span> <span class='ocrx_word' id='word_1_261' title='bbox 593 3393 732 3454; x_wconf 87' lang='lat' dir='ltr'>Numenii</span> <span class='ocrx_word' id='word_1_262' title='bbox 757 3388 800 3476; x_wconf 88' lang='lat' dir='ltr'>(p.</span> <span class='ocrx_word' id='word_1_263' title='bbox 819 3391 876 3453; x_wconf 79' lang='lat'>27:</span> <span class='ocrx_word' id='word_1_264' title='bbox 905 3389 945 3453; x_wconf 81' lang='grc' dir='ltr'>τδι</span> <span class='ocrx_word' id='word_1_265' title='bbox 968 3385 1029 3472; x_wconf 74' lang='grc' dir='ltr'>μὲν</span> <span class='ocrx_word' id='word_1_266' title='bbox 1052 3399 1108 3472; x_wconf 79' lang='grc' dir='ltr'>τῆς</span> <span class='ocrx_word' id='word_1_267' title='bbox 1131 3391 1280 3469; x_wconf 80' lang='grc' dir='ltr'><strong><em>διανοίας</em></strong></span> 
     </span>
    </p>
   </div>
   <div class='ocr_carea' id='block_1_12' title="bbox 107 3487 1278 3672">
    <p class='ocr_par' dir='ltr' id='par_1_13' title="bbox 107 3487 1278 3672">
     <span class='ocr_line' id='line_1_31' title="bbox 107 3487 1278 3574; baseline -0.003 -17"><span class='ocrx_word' id='word_1_268' title='bbox 107 3494 258 3574; x_wconf 80' lang='grc' dir='ltr'><strong><em>σχήματα</em></strong></span> <span class='ocrx_word' id='word_1_269' title='bbox 281 3492 474 3572; x_wconf 80' lang='grc' dir='ltr'><strong><em>προείρηται</em></strong></span> <span class='ocrx_word' id='word_1_270' title='bbox 496 3489 578 3552; x_wconf 80' lang='grc' dir='ltr'><strong><em>κατὰ</em></strong></span> <span class='ocrx_word' id='word_1_271' title='bbox 601 3491 703 3569; x_wconf 75' lang='grc' dir='ltr'><strong><em>λόγον</em></strong></span> <span class='ocrx_word' id='word_1_272' title='bbox 726 3487 819 3570; x_wconf 79' lang='grc' dir='ltr'><strong><em>ἡμῖν·</em></strong></span> <span class='ocrx_word' id='word_1_273' title='bbox 842 3488 964 3562; x_wconf 78' lang='grc' dir='ltr'><strong><em>παντὸς</em></strong></span> <span class='ocrx_word' id='word_1_274' title='bbox 986 3488 1049 3569; x_wconf 76' lang='grc' dir='ltr'>γὰρ</span> <span class='ocrx_word' id='word_1_275' title='bbox 1074 3491 1176 3569; x_wconf 78' lang='grc' dir='ltr'><strong><em>λόγου</em></strong></span> <span class='ocrx_word' id='word_1_276' title='bbox 1199 3511 1278 3572; x_wconf 83' lang='grc' dir='ltr'><strong><em>προ-</em></strong></span> 
     </span>
     <span class='ocr_line' id='line_1_32' title="bbox 107 3580 1277 3672; baseline 0 -20"><span class='ocrx_word' id='word_1_277' title='bbox 107 3589 181 3670; x_wconf 76' lang='grc' dir='ltr'>άγει</span> <span class='ocrx_word' id='word_1_278' title='bbox 208 3587 229 3670; x_wconf 81' lang='grc' dir='ltr'><strong><em>ἡ</em></strong></span> <span class='ocrx_word' id='word_1_279' title='bbox 257 3595 316 3652; x_wconf 86' lang='grc' dir='ltr'>τοῦ</span> <span class='ocrx_word' id='word_1_280' title='bbox 346 3588 566 3670; x_wconf 73' lang='grc' dir='ltr'><strong><em>διανοήματος</em></strong></span> <span class='ocrx_word' id='word_1_281' title='bbox 592 3585 737 3670; x_wconf 76' lang='grc' dir='ltr'><strong><em>εὕρεσις,</em></strong></span> <span class='ocrx_word' id='word_1_282' title='bbox 764 3583 875 3649; x_wconf 77' lang='grc' dir='ltr'><strong><em>ἕπεται</em></strong></span> <span class='ocrx_word' id='word_1_283' title='bbox 903 3580 939 3648; x_wconf 71' lang='grc' dir='ltr'>δὲ</span> <span class='ocrx_word' id='word_1_284' title='bbox 967 3582 1052 3661; x_wconf 76' lang='grc' dir='ltr'><strong><em>λέξις</em></strong></span> <span class='ocrx_word' id='word_1_285' title='bbox 1074 3586 1119 3672; x_wconf 76' lang='grc' dir='ltr'>τῷ</span> <span class='ocrx_word' id='word_1_286' title='bbox 1144 3586 1277 3671; x_wconf 77' lang='grc' dir='ltr'><strong><em>διανοή-</em></strong></span> 
     </span>
    </p>
   </div>
   <div class='ocr_carea' id='block_1_13' title="bbox 6 3678 1276 3769">
    <p class='ocr_par' dir='ltr' id='par_1_14' title="bbox 6 3678 1276 3769">
     <span class='ocr_line' id='line_1_33' title="bbox 6 3678 1276 3769; baseline 0.002 -21"><span class='ocrx_word' id='word_1_287' title='bbox 6 3735 7 3766; x_wconf 69' lang='lat'>3</span> <span class='ocrx_word' id='word_1_288' title='bbox 106 3707 185 3769; x_wconf 80' lang='grc' dir='ltr'><strong><em>μανι</em></strong></span> <span class='ocrx_word' id='word_1_289' title='bbox 210 3680 254 3748; x_wconf 86' lang='grc' dir='ltr'>δι’</span> <span class='ocrx_word' id='word_1_290' title='bbox 276 3683 377 3766; x_wconf 76' lang='grc' dir='ltr'><strong><em>αὐτῆς</em></strong></span> <span class='ocrx_word' id='word_1_291' title='bbox 399 3691 541 3747; x_wconf 84' lang='grc' dir='ltr'><strong><em>ποιοῦσα</em></strong></span> <span class='ocrx_word' id='word_1_292' title='bbox 565 3683 714 3766; x_wconf 81' lang='grc' dir='ltr'><strong><em>φανερὸν</em></strong></span> <span class='ocrx_word' id='word_1_293' title='bbox 737 3678 843 3766; x_wconf 83' lang='grc' dir='ltr'><strong><em>αὐτό),</em></strong></span> <span class='ocrx_word' id='word_1_294' title='bbox 867 3685 971 3764; x_wconf 83' lang='lat' dir='ltr'>Aquila</span> <span class='ocrx_word' id='word_1_295' title='bbox 992 3685 1140 3745; x_wconf 87' lang='lat' dir='ltr'>Romanus</span> <span class='ocrx_word' id='word_1_296' title='bbox 1164 3681 1205 3766; x_wconf 93' lang='lat' dir='ltr'>(p.</span> <span class='ocrx_word' id='word_1_297' title='bbox 1221 3685 1276 3750; x_wconf 86' lang='lat'>23:</span> 
     </span>
    </p>
   </div>
   <div class='ocr_carea' id='block_1_14' title="bbox 6 3767 1277 4160">
    <p class='ocr_par' dir='ltr' id='par_1_15' title="bbox 6 3767 1277 4160">
     <span class='ocr_line' id='line_1_34' title="bbox 6 3767 1277 3864; baseline -0.001 -17"><span class='ocrx_word' id='word_1_298' title='bbox 6 3767 7 3826; x_wconf 62' lang='grc' dir='ltr'>Ῐ</span> <span class='ocrx_word' id='word_1_299' title='bbox 103 3803 328 3864; x_wconf 81' lang='lat' dir='ltr'>percurramus</span> <span class='ocrx_word' id='word_1_300' title='bbox 356 3788 452 3858; x_wconf 67' lang='lat' dir='ltr'>iactor</span> <span class='ocrx_word' id='word_1_301' title='bbox 478 3788 696 3845; x_wconf 78' lang='lat' dir='ltr'>sententiarum</span> <span class='ocrx_word' id='word_1_302' title='bbox 720 3787 855 3858; x_wconf 73' lang='lat' dir='ltr'>liparas:</span> <span class='ocrx_word' id='word_1_303' title='bbox 883 3789 997 3842; x_wconf 83' lang='lat' dir='ltr'>notura</span> <span class='ocrx_word' id='word_1_304' title='bbox 1024 3792 1068 3844; x_wconf 86' lang='lat' dir='ltr'>est</span> <span class='ocrx_word' id='word_1_305' title='bbox 1090 3789 1168 3845; x_wconf 82' lang='lat' dir='ltr'>enim</span> <span class='ocrx_word' id='word_1_306' title='bbox 1188 3790 1277 3861; x_wconf 82' lang='lat' dir='ltr'>prius</span> 
     </span>
     <span class='ocr_line' id='line_1_35' title="bbox 105 3871 1276 3964; baseline -0.001 -19"><span class='ocrx_word' id='word_1_307' title='bbox 105 3888 222 3945; x_wconf 82' lang='lat' dir='ltr'>sentire</span> <span class='ocrx_word' id='word_1_308' title='bbox 247 3900 337 3957; x_wconf 80' lang='lat' dir='ltr'>quom</span> <span class='ocrx_word' id='word_1_309' title='bbox 361 3874 487 3964; x_wconf 81' lang='lat' dir='ltr'>eloqui),</span> <span class='ocrx_word' id='word_1_310' title='bbox 516 3881 654 3941; x_wconf 83' lang='lat' dir='ltr'>Tiberius</span> <span class='ocrx_word' id='word_1_311' title='bbox 678 3874 719 3963; x_wconf 89' lang='lat' dir='ltr'>(p.</span> <span class='ocrx_word' id='word_1_312' title='bbox 740 3876 796 3942; x_wconf 84' lang='lat'>59:</span> <span class='ocrx_word' id='word_1_313' title='bbox 823 3886 955 3960; x_wconf 78' lang='grc' dir='ltr'><strong><em>πρῶτον</em></strong></span> <span class='ocrx_word' id='word_1_314' title='bbox 979 3871 1041 3941; x_wconf 87' lang='grc' dir='ltr'>οὖν</span> <span class='ocrx_word' id='word_1_315' title='bbox 1063 3878 1104 3941; x_wconf 83' lang='lat' dir='ltr'>ccl</span> <span class='ocrx_word' id='word_1_316' title='bbox 1126 3887 1183 3960; x_wconf 79' lang='grc' dir='ltr'>τῆς</span> <span class='ocrx_word' id='word_1_317' title='bbox 1207 3881 1276 3944; x_wconf 88' lang='grc' dir='ltr'><strong><em>δια-</em></strong></span> 
     </span>
     <span class='ocr_line' id='line_1_36' title="bbox 106 3971 1277 4060; baseline -0.002 -18"><span class='ocrx_word' id='word_1_318' title='bbox 106 3980 203 4053; x_wconf 83' lang='grc' dir='ltr'><strong><em>νοίας</em></strong></span> <span class='ocrx_word' id='word_1_319' title='bbox 226 3979 374 4060; x_wconf 72' lang='grc' dir='ltr'><strong><em>σχήματα</em></strong></span> <span class='ocrx_word' id='word_1_320' title='bbox 398 3972 555 4056; x_wconf 76' lang='grc' dir='ltr'><strong><em>δεικτέον,</em></strong></span> <span class='ocrx_word' id='word_1_321' title='bbox 582 3971 652 4039; x_wconf 80' lang='grc' dir='ltr'>ἐπεὶ</span> <span class='ocrx_word' id='word_1_322' title='bbox 676 3974 729 4038; x_wconf 78' lang='grc' dir='ltr'>δεῖ</span> <span class='ocrx_word' id='word_1_323' title='bbox 749 3975 807 4038; x_wconf 87' lang='grc' dir='ltr'>τὸν</span> <span class='ocrx_word' id='word_1_324' title='bbox 830 3980 915 4038; x_wconf 87' lang='grc' dir='ltr'><strong><em>νοῦν</em></strong></span> <span class='ocrx_word' id='word_1_325' title='bbox 938 3972 1069 4049; x_wconf 77' lang='grc' dir='ltr'><strong><em>πάντας</em></strong></span> <span class='ocrx_word' id='word_1_326' title='bbox 1090 3983 1151 4038; x_wconf 84' lang='grc' dir='ltr'>τοῦ</span> <span class='ocrx_word' id='word_1_327' title='bbox 1174 3977 1277 4057; x_wconf 81' lang='grc' dir='ltr'><strong><em>λόγου</em></strong></span> 
     </span>
     <span class='ocr_line' id='line_1_37' title="bbox 105 4071 912 4160; baseline -0.009 -20"><span class='ocrx_word' id='word_1_328' title='bbox 105 4071 357 4160; x_wconf 78' lang='grc' dir='ltr'><strong><em>προηγεῖσθαι),</em></strong></span> <span class='ocrx_word' id='word_1_329' title='bbox 380 4076 579 4156; x_wconf 79' lang='lat' dir='ltr'>HerodianuS,</span> <span class='ocrx_word' id='word_1_330' title='bbox 603 4075 764 4135; x_wconf 89' lang='lat' dir='ltr'>Martianus</span> <span class='ocrx_word' id='word_1_331' title='bbox 788 4073 912 4153; x_wconf 86' lang='lat' dir='ltr'>Capella.</span> 
     </span>
    </p>
   </div>
   <div class='ocr_carea' id='block_1_15' title="bbox 105 4313 1275 4470">
    <p class='ocr_par' dir='ltr' id='par_1_16' title="bbox 105 4313 1275 4470">
     <span class='ocr_line' id='line_1_38' title="bbox 198 4313 1275 4387; baseline -0.002 -15"><span class='ocrx_word' id='word_1_332' title='bbox 198 4320 224 4387; x_wconf 89' lang='lat'>1)</span> <span class='ocrx_word' id='word_1_333' title='bbox 244 4315 373 4372; x_wconf 79' lang='lat' dir='ltr'>Ceterum</span> <span class='ocrx_word' id='word_1_334' title='bbox 391 4318 435 4372; x_wconf 85' lang='lat' dir='ltr'>his</span> <span class='ocrx_word' id='word_1_335' title='bbox 454 4317 488 4371; x_wconf 88' lang='lat' dir='ltr'>de</span> <span class='ocrx_word' id='word_1_336' title='bbox 507 4317 589 4371; x_wconf 84' lang='lat' dir='ltr'>rebus</span> <span class='ocrx_word' id='word_1_337' title='bbox 607 4315 680 4370; x_wconf 83' lang='lat' dir='ltr'>inira</span> <span class='ocrx_word' id='word_1_338' title='bbox 697 4315 727 4369; x_wconf 91' lang='lat' dir='ltr'>in</span> <span class='ocrx_word' id='word_1_339' title='bbox 745 4313 838 4386; x_wconf 83' lang='lat' dir='ltr'>capite</span> <span class='ocrx_word' id='word_1_340' title='bbox 855 4315 941 4369; x_wconf 85' lang='lat' dir='ltr'>tertio</span> <span class='ocrx_word' id='word_1_341' title='bbox 961 4315 1035 4384; x_wconf 89' lang='lat' dir='ltr'>quod</span> <span class='ocrx_word' id='word_1_342' title='bbox 1054 4317 1098 4370; x_wconf 86' lang='lat' dir='ltr'>est</span> <span class='ocrx_word' id='word_1_343' title='bbox 1117 4315 1151 4369; x_wconf 90' lang='lat' dir='ltr'>de</span> <span class='ocrx_word' id='word_1_344' title='bbox 1166 4316 1275 4371; x_wconf 85' lang='lat' dir='ltr'>ratione</span> 
     </span>
     <span class='ocr_line' id='line_1_39' title="bbox 105 4394 1073 4470; baseline -0.004 -16"><span class='ocrx_word' id='word_1_345' title='bbox 105 4416 181 4470; x_wconf 83' lang='lat' dir='ltr'>quae</span> <span class='ocrx_word' id='word_1_346' title='bbox 199 4397 273 4452; x_wconf 83' lang='lat' dir='ltr'>inter</span> <span class='ocrx_word' id='word_1_347' title='bbox 290 4396 428 4452; x_wconf 84' lang='lat' dir='ltr'>Rutilium</span> <span class='ocrx_word' id='word_1_348' title='bbox 448 4398 477 4451; x_wconf 86' lang='lat' dir='ltr'>et</span> <span class='ocrx_word' id='word_1_349' title='bbox 494 4395 628 4466; x_wconf 80' lang='lat' dir='ltr'>Gorgiam</span> <span class='ocrx_word' id='word_1_350' title='bbox 645 4395 804 4450; x_wconf 85' lang='lat' dir='ltr'>intercedat</span> <span class='ocrx_word' id='word_1_351' title='bbox 821 4396 922 4466; x_wconf 82' lang='lat' dir='ltr'>egetur</span> <span class='ocrx_word' id='word_1_352' title='bbox 938 4394 1073 4465; x_wconf 85' lang='lat' dir='ltr'>pluribus.</span> 
     </span>
    </p>
   </div>
   <div class='ocr_carea' id='block_1_16' title="bbox 0 0 1555 5024">
    <p class='ocr_par' dir='ltr' id='par_1_17' title="bbox 0 0 1555 5024">
     <span class='ocr_line' id='line_1_40' title="bbox 0 0 1555 5024; baseline 0 0"><span class='ocrx_word' id='word_1_353' title='bbox 0 0 1555 5024; x_wconf 95' lang='lat' dir='ltr'> </span> 
     </span>
    </p>
   </div>
  </div>
 </body>
</html>
