3068 5028
768 301 963 364 ..6-

280 485 358 544 erint
381 485 565 562 ignoramus:
589 491 670 543 certe
694 482 824 545 Rutilius
847 483 923 543 hano
946 485 1071 562 liguram
1095 484 1185 545 habet
1202 481 1251 544 14
1270 483 1453 563 exemplum-

280 600 338 660 que
367 581 542 652 Quintiliani
574 581 686 641 ibidem
712 580 850 661 legitur];
882 585 964 656 quod
991 581 1083 642 totum
1107 585 1221 659 pendet
1249 601 1289 643 ex
1313 586 1456 655 finitione

281 682 407 754 ideoque
430 697 470 738 an
491 682 597 753 siqura
620 683 660 740 sit
683 681 787 740 dubito
811 713 853 722 -—
877 676 974 740 [1191
994 683 1144 755 quaedam
1164 684 1284 741 omnino
1304 698 1362 741 non
1382 689 1455 740 sunt

277 781 414 853 fiqurae,
438 779 518 837 sicut
541 780 630 850 ordo,
655 781 869 857 dinumeratio,
891 779 1145 852 circumscriptio,
1168 780 1231 838 siae
1254 780 1311 838 hoc
1334 781 1456 839 nomine

280 878 476 950 siqnificatur
499 892 678 950 comprensa
703 877 836 936 breuiter
859 877 1008 936 sententia
1031 877 1094 934 siue
1113 878 1228 948 linitio:
1252 893 1322 935 nam
1346 883 1375 936 et
1397 878 1455 935 hoc

285 972 467 1043 Cornificius
491 979 582 1045 atque
601 971 735 1032 Rutilius
758 975 879 1033 schemo
903 967 1020 1046 λέξεως
1039 980 1151 1049 putant
1174 971 1255 1050 [Rut.
1275 969 1341 1033 115
1364 967 1455 1053 ὁρισ-

282 1067 355 1150 μός]
385 1103 426 1111 -
456 1064 556 1129 11192
580 1071 636 1129 sed
657 1073 795 1146 mutatio,
823 1074 852 1131 si
873 1089 910 1132 ea
934 1078 979 1131 est
1001 1089 1092 1146 quom
1116 1071 1251 1132 Rutilius
1275 1066 1456 1132 ddi-otmaro

282 1176 382 1247 uocat,
406 1169 679 1228 dissimilitudinem
702 1170 832 1228 ostendit
853 1171 1019 1248 hominum,
1043 1187 1160 1244 rerum,
1181 1168 1353 1244 factorum:
1377 1187 1457 1244 qrrae

282 1269 311 1328 si
333 1269 423 1327 latius
444 1268 510 1338 siat,
530 1268 637 1340 lipara
660 1283 720 1326 non
745 1273 797 1339 est,
819 1269 848 1327 si
870 1271 1037 1342 anqustius,
1063 1270 1094 1327 in
1112 1261 1289 1327 ἀντίθετον
1308 1269 1407 1346 cadet,
1430 1270 1459 1327 si

283 1381 355 1425 uero
387 1365 465 1424 haee
496 1365 658 1438 appellatio
685 1366 841 1438 siqnificot
867 1359 1077 1443 ὑπαλλαγὴν,
1109 1367 1183 1424 satis
1212 1367 1250 1425 de
1277 1384 1314 1425 ea
1342 1369 1457 1426 dictum

283 1470 328 1524 est
347 1495 388 1503 —
409 1459 449 1519 lll
469 1457 512 1521 93
537 1478 607 1520 nam
629 1463 666 1522 de
685 1464 734 1522 illo
755 1465 893 1523 dubitari
906 1465 1009 1538 possit,
1034 1481 1073 1522 an
1092 1464 1214 1523 schema
1232 1465 1278 1539 sit,
1303 1467 1334 1523 in
1353 1466 1456 1524 distri-

283 1563 363 1621 butis
390 1560 529 1619 subiecta
557 1562 651 1633 ratio,
680 1563 762 1634 quod
786 1562 871 1637 apud
892 1562 1019 1620 eundem
1044 1577 1085 1620 se.
1105 1559 1247 1620 Rutilium
1269 1564 1369 1636 primo
1392 1565 1459 1621 loco

279 1661 410 1736 positum
443 1662 496 1717 est.
546 1654 797 1732 nqonanddoom
830 1660 906 1717 dicit
932 1665 963 1717 et
991 1676 1065 1736 quae
1094 1675 1158 1736 sqq.
1187 1691 1229 1700 —
1258 1655 1359 1720 [1199
1389 1663 1460 1719 item

282 1759 417 1818 Rutilius
446 1762 574 1831 praeter
606 1773 643 1815 ea
674 1774 753 1830 quae
781 1758 865 1832 apud
892 1759 967 1817 alios
995 1773 1113 1831 quoque
1140 1764 1211 1816 sunt
1239 1774 1279 1817 se.
1308 1757 1459 1817 schemata

281 1849 382 1915 lexeos
408 1851 658 1932 uaqopotoptau
687 1864 716 1914 et
745 1873 820 1932 quae
845 1872 909 1933 sqq.
933 1900 999 1934 ...,
1029 1857 1198 1929 dequibus
1223 1857 1300 1916 idem
1324 1859 1393 1917 dico
1418 1875 1460 1916 sc.

282 1958 333 2012 aut
357 1951 572 2010 sententiarum
595 1952 695 2028 potius
719 1969 752 2010 ea
776 1951 926 2012 schemata
950 1960 1002 2012 aut
1025 1954 1147 2012 omuino
1171 1950 1251 2013 nulla
1275 1947 1398 2036 esse).²)

372 2047 450 2118 Quid
477 2043 591 2125 igitur?
635 2045 785 2126 Numquid
814 2049 925 2128 legitur
947 2049 996 2109 his
1020 2049 1258 2128 quattuordecim
1283 2050 1370 2132 locis,
1399 2071 1459 2130 quo

283 2144 418 2205 lizialasii
440 2143 489 2204 illa
513 2146 613 2223 opinio
638 2144 856 2207 confirmetur?
900 2147 993 2207 lmmo
1018 2166 1196 2228 quamquam
1221 2148 1364 2210 Rutilium
1390 2167 1459 2210 nris·
1516 2221 1517 2232 χ

283 2262 372 2324 quam
400 2248 502 2321 aperte
532 2242 736 2322 reprehendit,
766 2251 799 2304 ut
827 2263 886 2306 non
912 2244 999 2306 liceat
1023 2247 1204 2307 contendere
1230 2249 1350 2307 omnino
1374 2250 1460 2327 parvi
1516 2241 1517 2290 l

283 2361 351 2403 eum
376 2359 442 2401 esse
466 2360 482 2401 a
506 2338 688 2410 Quintiliano
712 2343 915 2424 aestimatum,
940 2352 1038 2403 tamen
1063 2360 1099 2401 ne
1124 2341 1223 2404 laudat
1246 2345 1365 2423 quidem
1391 2365 1459 2407 eum

283 2439 343 2503 ullo
369 2438 471 2519 verho,
501 2457 568 2498 cum
593 2436 760 2519 Visellium,
784 2461 843 2520 quo
868 2442 989 2520 quidem
1013 2442 1085 2501 item
1109 2458 1183 2500 usus
1207 2441 1459 2522 est,1x11101

283 2559 343 2600 non
366 2540 571 2612 neqleqentem
590 2544 747 2598 auctorem
767 2539 853 2599 dicat.
890 2537 923 2597 ln
944 2536 1140 2615 excerpendis
1159 2539 1251 2616 igitur
1270 2548 1300 2600 et
1320 2559 1355 2600 ex
1374 2555 1460 2624 parte

284 2634 486 2697 examinandis
510 2633 613 2694 Rutilii
640 2635 744 2711 figuris
772 2655 831 2696 non
860 2643 983 2715 propter
1011 2635 1173 2712 figurarum
1201 2636 1383 2714 praeclaram
1410 2641 1461 2700 de-

284 2735 491 2811 scriptionem,
520 2730 571 2791 sed
600 2749 633 2791 ea
662 2732 723 2793 sola
746 2733 782 2794 de
807 2752 895 2794 eausa
919 2730 1134 2803 Quintilianum
1158 2743 1309 2795 versatum
1333 2754 1399 2796 esse
1424 2757 1461 2798 ex

285 2834 358 2911 ipsis
388 2848 462 2910 quos
491 2847 582 2908 supra
611 2829 667 2891 suh
696 2850 789 2892 unum
817 2840 1010 2910 conspectum
1034 2833 1177 2909 proposui
1201 2831 1358 2893 Rutilianis
1382 2837 1461 2914 apud

284 2928 370 2990 illum
402 2928 476 2987 loeis
505 2927 641 3009 adparet,
674 2930 752 3007 quod
782 2929 883 2990 multis
911 2931 941 2988 in
971 2926 1060 2988 rebus
1089 2927 1218 2989 Rutilius
1246 2929 1418 2991 discedebat
1446 2952 1462 2992 a

286 3037 458 3090 ceterorum
482 3044 539 3086 usu
563 3033 594 3085 et
617 3025 761 3107 doctriua,
784 3026 892 3088 multas
915 3025 1042 3086 habehat
1066 3026 1176 3104 figuras
1196 3046 1271 3106 quae
1292 3029 1368 3109 apud
1389 3029 1463 3091 alios

286 3146 344 3189 non
374 3117 578 3206 tegerenturi)
608 3124 745 3204 idemque
774 3159 816 3168 —
844 3125 901 3185 hoc
930 3124 1004 3185 addo
1030 3125 1238 3202 gravissimum
1262 3127 1461 3188 —nondum

378 3368 408 3436 1)
425 3366 578 3421 Praeterea
595 3383 652 3420 unu
671 3383 734 3420 cum
752 3368 881 3437 pluribus
900 3365 964 3422 eliis
983 3368 1157 3421 memoratur
1171 3365 1272 3419 Rutilii
1291 3384 1392 3422 nomen
1409 3369 1462 3438 ita,

286 3450 320 3503 ut
347 3447 372 3502 is
400 3447 478 3500 loeus
507 3448 623 3514 quartus
653 3447 778 3501 decimus
801 3463 916 3502 numero
940 3447 1014 3502 inter
1035 3448 1093 3500 tras
1116 3447 1168 3499 has
1192 3447 1272 3514 quasi
1294 3450 1463 3518 categorias,

286 3526 387 3597 quibus
410 3525 556 3580 Rutiliana
579 3526 654 3595 apud
678 3526 886 3592 Quintilianum
911 3525 1053 3594 subiunxi,
1077 3524 1176 3579 referri
1199 3529 1335 3595 nequeat,
1358 3528 1397 3584 Ill
1417 3537 1464 3600 89,

287 3608 336 3662 ubi
352 3604 549 3673 Quintilianus,
568 3607 718 3675 postquam
733 3607 767 3661 de
784 3605 973 3660 declinatione
988 3607 1161 3660 schematum
1175 3606 1269 3661 lexeos
1284 3609 1313 3662 et
1327 3607 1464 3667 dianonus

287 3687 359 3756 egit,
384 3686 424 3740 sic
447 3685 553 3755 pergit:
577 3686 643 3741 haec
665 3688 761 3740 onznia
779 3688 915 3756 copiosius
932 3692 996 3742 sunt
1014 3687 1145 3752 exsecuti,
1167 3687 1217 3755 qui
1234 3703 1290 3741 nou
1307 3693 1338 3741 ut
1353 3695 1464 3757 partem

287 3767 376 3836 operis
400 3771 638 3832 transcurrerunt,
666 3766 712 3821 scd
731 3768 846 3835 proprie
869 3768 953 3822 libros
974 3767 1039 3822 huic
1062 3767 1139 3836 operi
1161 3766 1368 3834 dedicacarunt,
1391 3771 1465 3826 sicut

288 3848 432 3912 Caecilius,
452 3846 616 3918 Dionysius,
635 3845 812 3915 Rutilius,
831 3847 1005 3915 Cornificiae,
1030 3846 1156 3902 Visellius
1174 3848 1277 3917 aliique
1294 3864 1350 3903 non
1364 3854 1463 3918 pauci.

376 3931 404 3993 2)
424 3923 517 3979 Simili
532 3925 567 3979 de
583 3941 676 3993 causa,
695 3925 725 3979 ni
738 3925 829 3994 fallor,
850 3925 924 3981 Celsi
938 3925 1130 3993 Quintilianus
1144 3925 1174 3980 in
1188 3927 1376 3996 descriptione
1392 3930 1464 3998 figu-

287 4026 382 4064 rarum
400 4005 539 4060 rationem
559 4005 671 4073 habuit,
695 4005 756 4074 qui,
780 4007 976 4075 praeterquam
997 4007 1072 4076 quod
1091 4025 1105 4060 e
1124 4006 1231 4062 Rutilio
1250 4007 1345 4061 hausit
1362 4007 1425 4077 ipso
1445 4029 1463 4065 a

288 4085 389 4142 ceteris
408 4083 571 4138 discedente
592 4086 621 4138 et
640 4084 798 4152 eVisellio,
816 4087 921 4140 multas
940 4086 1000 4156 ipse
1019 4087 1123 4156 figuras
1141 4087 1235 4155 posuit
1254 4103 1323 4156 quas
1342 4087 1391 4142 alii
1405 4107 1464 4145 non

288 4167 433 4224 haberent.
471 4164 513 4218 Ne
532 4164 606 4219 hunc
626 4165 752 4234 quidem,
774 4166 903 4235 inquam,
922 4169 1036 4236 propter
1055 4166 1212 4236 descriptas
1231 4184 1333 4238 magno
1351 4169 1464 4238 ingenii

289 4248 416 4303 acumine
440 4246 544 4316 figuras
564 4245 753 4311 Quintilianus
777 4248 890 4301 secutus
914 4249 969 4313 ast;
993 4265 1058 4301 nam
1083 4247 1247 4316 ceteroquin
1269 4247 1337 4316 quid
1356 4249 1391 4303 de
1410 4251 1462 4306 illo

287 4326 463 4392 iudicaverit,
492 4325 561 4380 satis
590 4327 711 4380 constat:
742 4342 911 4396 quamquam
940 4326 1014 4381 enim
1038 4326 1106 4380 er
1127 4333 1173 4394 18,
1203 4326 1252 4382 ubi
1280 4329 1464 4398 reprehendit

288 4410 376 4464 rrimia
394 4407 526 4464 novitatis
544 4407 694 4476 cupiditate
712 4405 748 4462 ab
766 4406 817 4462 illo
835 4405 928 4461 verbis
948 4409 977 4461 et
990 4405 1136 4462 sententiis
1150 4406 1254 4479 figuras
1269 4409 1395 4464 colorum
1410 4413 1461 4465 ad·
