3068 5028
731 343 950 410 „20„

255 538 366 609 guntur
391 531 461 611 quid
486 533 524 590 sit
547 529 747 610 iudicandum,
771 528 884 589 scilicet
907 546 979 588 num
1003 527 1072 588 inde
1097 528 1257 588 escendere
1280 526 1368 588 liceat
1392 527 1427 586 ad

256 631 413 707 genuinam
439 627 581 689 Rutiliani
604 626 673 687 libri
695 629 932 706 inscriptionem,
957 626 1122 687 videbimus
1145 626 1230 686 inira.

346 721 377 807 b)
406 726 447 786 Ac
475 745 512 786 ne
536 725 662 786 alterum
687 725 806 804 quidem
830 724 903 785 illud
927 725 1006 803 quod
1029 724 1119 785 buius
1143 726 1228 784 initio
1251 725 1427 804 paragraphi

255 827 414 885 memorari
437 824 523 884 Birtii
547 832 754 902 argumentum
777 824 980 882 firmissimum
1006 822 1077 882 mihi
1101 822 1217 883 videtur
1241 841 1314 884 esse.

343 922 439 982 Habet
467 925 544 982 enim
573 921 677 982 Rutilii
704 920 779 981 liber
809 923 936 1000 primus,
968 921 998 980 id
1028 921 1105 999 quod
1135 939 1167 980 ea
1197 924 1309 982 ratione
1339 940 1426 1000 quam

254 1021 318 1081 Birt
341 1021 482 1080 indicavit
506 1029 604 1081 annot.
629 1020 664 1080 ad
688 1039 716 1098 p.
736 1015 801 1080 310
825 1020 917 1099 eiieci,
943 1037 1045 1079 versus
1071 1027 1220 1078 trecentos
1242 1021 1428 1098 septuaginta

255 1111 430 1199 quinqoe1),
454 1118 528 1177 alter
549 1124 699 1177 trecentos
719 1119 904 1196 septuaginta
925 1117 1007 1177 duos
1049 1115 1086 1175 bt
1105 1116 1154 1176 ille
1175 1119 1218 1176 vir
1237 1117 1427 1177 doctissimus

253 1215 398 1276 librorum
422 1218 474 1295 qui
498 1225 568 1276 sunt
591 1233 679 1295 prosa
703 1218 835 1275 oratione
860 1216 1022 1292 conscripti
1046 1217 1267 1274 accuratissima
1291 1217 1427 1275 instituta

253 1316 472 1392 comparatione
501 1333 569 1374 cum
599 1317 757 1374 maximum
786 1331 944 1373 numerum
968 1331 1108 1373 versuum
1132 1314 1194 1373 lere
1219 1316 1350 1392 quinque
1374 1315 1427 1371 mi-

253 1411 325 1473 lium
346 1414 516 1492 invenisset,
541 1403 695 1471 minimum
715 1429 871 1471 nnmerum
892 1429 957 1470 esse
977 1410 1056 1470 mille
1076 1420 1195 1472 centum
1215 1415 1331 1472 statuit:
1355 1429 1427 1490 qua·

252 1518 376 1588 propter
399 1529 468 1571 cum
491 1512 653 1570 miraretur
676 1512 706 1570 in
728 1509 803 1569 duos
823 1508 913 1568 libros
933 1509 1089 1587 dispertita
1109 1509 1186 1587 apud
1208 1508 1349 1571 Rutilium
1369 1509 1427 1586 legi

253 1627 329 1687 quae
361 1627 415 1687 par
448 1617 528 1668 esset
560 1627 619 1668 uno
652 1607 800 1667 volumine
833 1606 1060 1687 comprehendi,
1093 1616 1250 1688 excerptos
1279 1624 1344 1666 esse
1374 1605 1429 1665 bos
1527 1683 1528 1694 ,

252 1709 347 1786 ipsos,
371 1705 510 1766 videlicet
533 1705 603 1766 dum
628 1703 776 1765 volumina
800 1707 830 1765 in
854 1705 972 1764 codices
996 1704 1217 1785 redigerentur,
1241 1706 1366 1765 censuit.

343 1804 401 1864 Sed
425 1823 486 1864 non
510 1821 631 1882 possum
657 1821 716 1862 non
740 1802 883 1862 adsentiri
902 1801 1022 1862 Erwino
1042 1801 1154 1882 Rolrde,
1177 1805 1230 1881 qui
1252 1805 1281 1862 in
1302 1820 1430 1862 censura
1527 1793 1528 1796 '

251 1901 338 1961 Birtii
365 1900 435 1961 libri
463 1897 542 1983 (ride
567 1901 644 1961 Gott.
665 1900 725 1960 Gel.
744 1900 815 1960 Anz.
838 1919 863 1959 a.
884 1897 984 1978 1882,
1008 1900 1063 1960 vol.
1083 1899 1109 1960 ll
1133 1918 1268 1960 maxume
1293 1919 1320 1978 p.
1342 1896 1437 1960 155}

251 2009 281 2060 et
310 2018 385 2078 quae
413 1996 508 2081 sqq),
539 2001 672 2078 quamvis
700 2016 822 2078 perraro
851 1998 1006 2077 acciderit,
1036 2006 1069 2058 ut
1097 1998 1276 2058 destinatum
1305 1997 1429 2057 modum

251 2097 410 2157 voluminis
434 2102 597 2177 scriptores
617 2096 841 2176 egrederentur,
866 2115 900 2155 eo
921 2098 1039 2174 saepius
1059 2097 1135 2155 inlra
1154 2095 1237 2155 iHum
1257 2114 1343 2174 quem
1363 2095 1431 2156 Birt

251 2203 396 2257 statuerat
424 2198 579 2256 minimum
607 2212 765 2256 numerum
794 2212 934 2254 versuum
963 2213 1014 2254 eos
1038 2194 1227 2254 descendisse
1251 2195 1430 2254 rectissume

251 2296 367 2354 monuit
395 2293 572 2372 collegitque
603 2293 670 2352 inde
695 2296 904 2352 necessitatem
928 2294 1013 2371 quasi
1036 2293 1112 2351 intra
1136 2291 1256 2352 modum
1280 2292 1431 2370 quendam

252 2411 318 2451 sese
352 2391 525 2452 continendi
558 2409 633 2469 quae
666 2390 864 2470 scriptoribus
894 2392 1030 2468 imposita
1059 2390 1097 2448 sit
1125 2391 1199 2467 ipsis
1226 2389 1430 2449 voluminibus

251 2508 364 2571 revera,
390 2508 525 2550 maxume
550 2489 586 2548 ad
611 2491 765 2550 minimum
790 2507 947 2550 numerum
972 2505 1111 2547 versuum
1136 2488 1213 2567 quod
1240 2489 1352 2567 attinet,
1376 2506 1429 2546 ne·

252 2605 398 2665 quaquam
424 2594 543 2646 tantam
577 2586 669 2646 luisse
702 2596 842 2665 quantam
870 2585 934 2644 Birt
966 2584 1035 2644 vult.
1086 2584 1188 2664 Neque
1218 2588 1314 2664 ipsum
1343 2584 1429 2645 illum

249 2684 325 2761 lugit
358 2684 507 2763 aliquanto
536 2702 602 2744 esse
631 2687 762 2744 minores
790 2683 894 2743 modos
922 2681 1069 2742 adhibitos
1099 2701 1113 2742 a
1142 2683 1345 2762 compluribus
1374 2676 1429 2764 (cl.

248 2783 314 2842 Birt
337 2801 364 2862 p.
385 2779 479 2866 322):
508 2791 541 2843 ut
569 2781 701 2860 exempla
731 2781 873 2861 quaedam
903 2779 1022 2840 alienam
1051 2779 1195 2841 librorum
1220 2799 1347 2860 quorum
1370 2799 1427 2840 nn-

249 2899 350 2941 merus
380 2899 520 2942 versuum
549 2883 588 2940 sit
614 2879 702 2958 longe
726 2881 802 2939 inlra
825 2878 909 2939 illum
932 2896 1090 2939 numerum
1115 2878 1193 2938 mille
1217 2888 1336 2939 centum
1362 2897 1429 2939 ver·

249 2997 350 3059 suum,
379 2978 513 3039 Caesaris
541 2977 612 3037 belli
640 2976 744 3037 Gallici
770 2977 847 3037 liber
869 2976 908 3036 lll
933 2997 957 3037 r.
977 2973 1041 3038 638
1070 2975 1172 3054 habet,
1207 2976 1428 3037 rhetoricorum

250 3077 285 3137 ad
314 3076 345 3137 G.
369 3077 552 3137 Herennium
577 3075 594 3135 l.
615 3071 725 3152 1620,
758 3073 954 3153 Hermogenis
982 3068 1059 3155 περὶ
1086 3069 1247 3153 εὑρέσεως
1272 3072 1372 3153 τόμος
1401 3075 1428 3133 Α

249 3175 452 3236 tantummodo
480 3171 559 3253 440,
588 3171 688 3253 τόμος
710 3173 733 3231 Β
758 3170 833 3234 454.
878 3173 939 3233 Nec
968 3190 1038 3232 vero
1067 3174 1224 3251 quisquam
1252 3171 1347 3231 adbuc
1374 3190 1428 3230 ex-

250 3282 369 3352 cerptos
393 3290 459 3332 esse
484 3271 537 3331 bos
562 3269 654 3330 liBros
678 3279 728 3331 aut
753 3273 896 3350 epitomas
920 3269 1080 3331 contendit.
1124 3269 1336 3330 Animadvertit
1359 3272 1428 3347 ipse

248 3371 313 3430 Birt
346 3389 398 3430 eos
429 3371 631 3447 potissimum,
665 3387 792 3447 quorum
825 3387 934 3428 munus
967 3377 1047 3428 esset
1074 3367 1184 3427 aridam
1214 3367 1360 3446 quandam
1388 3387 1428 3428 ac

249 3471 377 3529 ieiunam
402 3467 556 3528 materiam
580 3474 717 3546 tractare,
740 3467 936 3545 respicientes
959 3465 1120 3544 legentium
1145 3467 1267 3545 animoa,
1292 3473 1324 3525 ut
1343 3465 1428 3525 volu·

249 3569 336 3626 minis
360 3565 480 3626 modum
506 3583 592 3645 quam
617 3573 740 3644 possent
763 3566 919 3624 minimum
943 3566 1136 3643 conticerent,
1160 3580 1279 3642 operam
1304 3563 1428 3623 dedisse

247 3665 376 3742 indeque
400 3663 548 3742 explicare
573 3663 685 3741 studet,
711 3662 790 3742 quod
814 3660 980 3742 Vitruvius,
1004 3660 1185 3738 Pomponius
1209 3660 1291 3741 lllcla,
1318 3670 1429 3722 auctor

247 3763 282 3822 ad
307 3761 503 3841 Herennium,
532 3759 581 3821 alii
609 3761 686 3820 inira
712 3760 795 3820 illum
820 3778 907 3838 quem
932 3761 996 3837 ipse
1020 3766 1166 3819 statuerat
1190 3760 1342 3818 minimum
1368 3777 1426 3819 nu-

246 3879 362 3921 merum
394 3878 535 3921 versuum
568 3852 835 3938 descenderunt²):
868 3856 982 3917 referre
1015 3856 1120 3917 eodem
1150 3856 1193 3916 illi
1221 3855 1327 3917 licebat
1355 3875 1426 3917 mea

338 4053 363 4119 1)
392 4049 457 4104 ruit
478 4051 574 4103 tamen
598 4047 683 4116 primi
705 4046 771 4102 libri
794 4064 925 4101 numerus
948 4061 1078 4101 versuum
1102 4045 1187 4114 paulo
1211 4043 1299 4099 etiam
1320 4045 1426 4116 maior,

247 4147 323 4199 cum,
342 4145 413 4198 quae
433 4129 462 4182 in
483 4129 615 4182 contextu
634 4127 784 4182 verborum
803 4128 914 4182 servabo
933 4125 1129 4180 desiderantur
1147 4125 1221 4180 inter
1240 4125 1356 4180 loeta
1376 4129 1426 4180 ab·

247 4227 300 4280 que
318 4210 393 4276 121,
413 4226 446 4264 ea
465 4209 564 4263 ducere
583 4208 613 4262 in
631 4209 686 4262 hac
704 4207 815 4262 rationo
834 4224 890 4261 non
908 4204 1002 4260 liceat.

335 4303 361 4366 2)
385 4297 598 4353 Rhetoricorum
623 4298 659 4352 ad
683 4296 747 4352 Her.
766 4298 785 4352 l.
799 4297 826 4364 I,
852 4298 884 4350 ub
908 4294 992 4349 modo
1016 4293 1087 4360 dixi,
1111 4299 1163 4346 620
1187 4294 1296 4347 lantum
1323 4309 1426 4351 versus

244 4383 344 4448 habeb
370 4380 419 4433 sed
442 4378 489 4433 vel
512 4377 536 4432 is
560 4395 692 4433 numerus
716 4377 772 4447 ipsi
796 4375 904 4431 auctori
923 4375 959 4430 ad
978 4372 1044 4429 Her.
1063 4372 1146 4426 nimis
1168 4389 1286 4442 magnus
1306 4374 1425 4431 videbor

243 4460 339 4530 fuisse,
357 4461 456 4530 utpote
476 4459 525 4530 qui
543 4459 573 4514 in
590 4458 646 4514 fine
664 4458 731 4513 libri
750 4457 790 4512 sic
809 4454 926 4510 scribet:
944 4456 1075 4525 quoniam
1089 4454 1159 4508 eatis
1171 4454 1256 4508 totus
1270 4455 1425 4514 voluminis
