3068 5028
578 355 797 419 ..17...

99 542 195 601 menti
293 543 362 600 item
391 544 429 601 dc
454 541 540 600 libris
563 543 635 599 noor'
656 541 826 598 testamenti
923 539 960 598 dc
983 540 1070 598 libris
1094 538 1176 597 beati
1200 537 1274 596 Gre-

98 659 185 730 oorti
203 674 306 732 popae
329 703 357 715 ..
383 658 420 715 de
443 656 529 715 libris
548 655 720 714 Hr'erom'mr¹
737 633 848 713 1>th
863 699 892 712 ..
917 654 962 713 oe
980 654 1068 713 libris
1087 635 1160 734 sol
1172 655 1275 727 Ααγν-
1343 695 1347 704 .

100 773 176 830 stinc‘
199 771 274 830 EPI
293 817 299 829 .
316 817 344 829 ..
369 771 414 829 Re
437 771 523 830 libris
547 770 618 829 SC]
637 771 790 830 Ambrosii
808 770 883 829 ΕΡ]
903 815 931 829 ..
955 770 1001 830 Dc
1024 771 1111 829 libris
1131 770 1278 846 Prosperi

101 867 182 945 nir
204 932 210 944 .
231 932 263 945 ..
293 887 339 946 oe
366 887 452 945 asora
479 885 583 944 cerae
611 865 716 944 irim
735 934 741 945 .
757 932 786 947 ..
811 887 856 946 oe
884 887 970 945 arara
1002 887 1126 946 rurore
1152 865 1232 944 uri
1247 931 1276 944 ..

101 985 149 1043 De
172 985 258 1043 libris
285 985 460 1044 cassiodori
482 1028 510 1041 ..
535 984 690 1042 herroris
714 984 839 1044 Eusebb'
862 991 891 1044 et
915 1002 989 1063 quae
1014 1001 1077 1063 sqq.
1086 976 1111 1064 1)

194 1079 315 1140 Videtur
343 1081 436 1157 igitur
460 1078 545 1139 Birtii
574 1079 627 1139 hoc
652 1090 860 1160 argumentum
885 1099 920 1140 ex
944 1082 1018 1159 ipsis
1042 1080 1195 1141 codicibus
1218 1079 1277 1141 Ru-

102 1176 159 1236 tilii
182 1179 308 1255 petitum
333 1179 429 1255 primo
454 1179 538 1256 quasi
561 1177 667 1238 obtutu
687 1181 733 1237 vix
753 1197 841 1256 posse
861 1177 992 1238 refutari.
1030 1180 1066 1239 tt
1086 1178 1277 1239 nihilomiuus

102 1274 159 1334 hos
189 1274 264 1335 duos
290 1293 365 1354 quos
388 1273 531 1335 habemus
555 1273 648 1334 libros
671 1277 792 1335 minime
816 1294 881 1336 esse
906 1285 1062 1353 excerptos
1086 1279 1277 1354 persuasissi-

103 1390 185 1432 mum
214 1372 287 1432 mihi
315 1381 368 1431 est.
415 1370 517 1451 ltaque
542 1390 609 1432 cum
634 1375 664 1431 in
688 1372 932 1434 antecedentibus
956 1376 1155 1452 acquieverim
1178 1377 1209 1435 iu
1234 1393 1278 1455 eo,

102 1479 137 1529 ut
161 1477 191 1530 et
214 1469 349 1546 Daialasii
372 1478 402 1529 et
420 1469 525 1530 Blassii
550 1480 722 1547 argumenta
747 1472 884 1531 sufficere
909 1472 944 1531 ad
969 1471 1149 1550 probandam
1173 1491 1277 1533 eorum

101 1570 274 1647 opinionem
298 1586 445 1646 negarem,
469 1569 527 1627 iam
551 1575 655 1627 contra
673 1567 800 1628 Birtium
825 1587 947 1629 necesse
970 1578 1016 1630 est
1035 1571 1183 1648 proteram
1204 1590 1279 1650 quae

102 1670 134 1726 in
168 1669 340 1726 uuiversum
373 1665 504 1746 obstant,
538 1684 575 1725 uc
604 1665 640 1725 de
669 1669 817 1745 excerptis
846 1685 880 1725 ex
911 1669 1026 1745 integro
1054 1666 1165 1728 Rutilio
1194 1669 1280 1729 lactis

104 1767 227 1823 omuino
251 1765 424 1842 cogitemus.

194 1861 289 1939 Atque
314 1880 330 1920 a
354 1861 537 1932 Quintiliano
561 1868 594 1920 ut
617 1863 798 1940 proficiscar,
823 1881 911 1941 quem
936 1865 1052 1941 integro
1076 1863 1178 1924 Rutilii
1202 1863 1279 1924 libro

105 1978 193 2019 usum
218 1978 283 2019 esse
307 1967 432 2038 constat,
456 1959 585 2020 sedecim
610 1958 658 2019 ille
683 1960 832 2021 schemata
852 1959 951 2019 lexeos
969 1958 1115 2021 Rutiliana
1136 1972 1280 2022 memorat

103 2050 161 2140 (lX
180 2072 206 2116 11
231 2054 288 2116 101
320 2053 513 2136 ἀντίθετον,
542 2056 645 2120 11165
672 2055 958 2138 παραδιαστολήν,
987 2055 1028 2119 89
1052 2077 1204 2134 personae
1223 2064 1279 2133 fic·

103 2159 215 2217 tionem
240 2181 281 2203 =
305 2155 587 2235 προσινιιοιτοιίαν,
612 2153 652 2216 91
675 2159 843 2229 finitionem
867 2183 909 2203 =
934 2152 1085 2236 ὁρισμόν,
1108 2154 1151 2216 92
1171 2153 1279 2217 νἰλλοί-

104 2265 200 2331 ωσιν,
220 2250 262 2313 93
278 2250 484 2331 αἰτιολογίαν
498 2250 760 2332 αροσαιτόὸοσιν,
775 2250 818 2313 99
833 2253 1083 2334 ταρομολογίαν
1097 2249 1279 2333 ἀναγκαῖον

103 2348 287 2430 ἠθοποιίαν
317 2348 544 2429 δικαιολογίαν
572 2349 739 2429 πρόληψιν
764 2350 1031 2431 χαρακτηρισμόν
1054 2350 1279 2432 βραχυλογίαν

103 2446 359 2529 παρασιώιιησιν
377 2441 595 2528 παρρησίαν);
615 2466 690 2526 quae
711 2447 830 2526 quidem
846 2448 881 2507 ad
897 2466 990 2508 uuum
1005 2451 1100 2508 omnia
1116 2452 1146 2508 iu
1163 2451 1280 2511 duobus

105 2549 159 2624 qui
191 2545 276 2606 nohis
308 2556 426 2625 praesto
457 2554 528 2606 suut
556 2543 640 2632 libris
668 2553 792 2604 exstant.
844 2545 957 2615 Quodsi
986 2549 1053 2624 quis
1081 2550 1280 2625 excerpsisset

103 2645 201 2722 ipsius
219 2642 323 2704 Rutilii
342 2643 490 2703 schemata
510 2642 609 2702 lexeos
629 2644 647 2703 i.
665 2661 689 2702 e.
709 2659 868 2702 numerum
887 2643 1034 2721 quendam
1053 2642 1160 2704 horum
1180 2645 1280 2705 lexeos

104 2743 290 2803 schematum
319 2743 481 2821 omisisset,
512 2759 610 2801 noune
638 2743 750 2819 optimo
778 2743 844 2799 iure
873 2741 1050 2800 miraremur
1078 2760 1180 2802 earum
1207 2729 1281 2821 quas

104 2839 155 2900 ille
187 2840 217 2899 iu
251 2839 437 2918 excerpendo
466 2841 565 2899 omisit
593 2841 755 2918 figurarum
783 2856 820 2898 ue
850 2856 938 2898 uuam
968 2839 1087 2917 quidem
1117 2839 1173 2918 legi
1203 2841 1280 2920 apud

106 2937 331 3016 Quintilianum,
357 2955 424 2997 cum
449 2944 493 2996 tot
516 2935 564 2995 ille
590 2938 698 3015 figuras
723 2935 890 3016 verborum,
913 2943 948 2995 ut
971 2937 1058 2996 modo
1083 2937 1218 3018 vidimuS,
1244 2957 1279 2998 ex

104 3037 171 3114 ipso
191 3033 300 3095 Rutilio
325 3030 449 3094 alienat?
490 3033 553 3097 Mea
577 3036 724 3094 sententia
743 3034 821 3113 iude,
845 3032 933 3113 quod,
957 3051 1150 3113 quascunque
1170 3036 1279 3112 figuras

105 3133 283 3193 elocutionis
307 3131 409 3191 Rutilii
434 3129 633 3201 Quintilianus
661 3139 886 3212 commemorat,
913 3130 1019 3191 harum
1048 3131 1126 3191 nulla
1156 3150 1215 3191 nou
1239 3133 1278 3192 le-

105 3234 187 3308 gitur
207 3233 239 3289 in
257 3229 316 3290 illis
335 3228 452 3289 duobus
471 3248 546 3308 quos
564 3229 708 3290 habemus
724 3230 820 3309 libris,
843 3245 931 3306 grave
951 3238 1160 3306 argumentum
1177 3239 1280 3308 petere

104 3329 178 3389 licet
210 3347 268 3407 quo
301 3328 523 3388 demonstretur
554 3330 649 3406 ipsius
676 3327 819 3388 Rutiliani
852 3326 947 3406 qualis
975 3323 1155 3395 Quintiliano
1186 3329 1280 3389 adluit

106 3428 177 3486 libri
204 3437 317 3504 partem
347 3445 410 3486 eam
435 3444 510 3505 quae
534 3434 598 3486 erat
621 3426 657 3486 de
682 3423 882 3486 schematibus
905 3424 1005 3484 lexeos
1028 3443 1088 3484 non
1112 3425 1279 3487 exhibuisse

104 3525 209 3604 plures
237 3524 348 3602 figuras
364 3543 466 3604 ,quam
493 3524 540 3584 his
569 3523 684 3586 duobus
712 3527 763 3603 qui
790 3532 916 3583 aetatem
944 3522 1079 3583 tulerunt
1103 3522 1188 3583 libris
1212 3544 1281 3585 cou-

105 3626 250 3684 tinentur.

198 3721 337 3782 Omnium
370 3729 468 3782 autem
502 3739 637 3781 maxume
665 3723 730 3799 ipse
758 3737 901 3780 uumerus
929 3718 1047 3779 illorum
1076 3737 1151 3798 quae
1180 3723 1279 3781 etiam·

105 3837 188 3880 nunc
208 3825 325 3878 exstant
344 3819 527 3881 schematum
547 3819 646 3878 lexeos
666 3853 708 3862 -
729 3828 799 3878 sunt
818 3819 897 3878 enim
917 3817 1110 3896 quadraginta
1131 3837 1223 3878 cincun
1237 3854 1279 3861 —

106 3918 218 3995 obstat,
246 3935 283 3976 ne
307 3926 446 3995 excerpta
470 3935 535 3976 esse
560 3935 593 3976 ea
617 3935 653 3976 ex
676 3916 752 3976 libro
777 3919 828 3994 qui
852 3915 943 3976 mcxlto
968 3918 1056 3976 etiam
1080 3908 1165 3995 plura
1188 3918 1280 3980 hahu-

104 4017 167 4077 erit
193 4015 283 4076 huius
311 4017 430 4094 generis
458 4014 606 4077 schemata
630 4024 778 4094 putemus.
824 4015 889 4075 Nun
913 4034 972 4094 quo
995 4015 1063 4093 plus
1087 4016 1281 4095 quadraginta

105 4131 198 4176 uuam
221 4114 333 4193 figuras
356 4114 516 4174 verborum
539 4116 659 4174 omuino
684 4133 834 4192 uunquam
854 4122 969 4173 notatas
989 4131 1053 4173 esse
1074 4132 1089 4173 a
1108 4114 1280 4175 rhetoribus

202 4307 227 4372 1)
257 4303 334 4369 Quae
362 4303 462 4380 ultimo
490 4301 553 4358 loco
581 4303 663 4373 posui
690 4303 818 4372 exempla
841 4302 933 4372 petita
956 4303 1023 4354 sunt
1046 4319 1078 4356 ex
1101 4302 1173 4356 libro
1197 4319 1279 4371 quem

105 4384 222 4453 scripsit
240 4382 380 4438 Gustavu's
397 4383 527 4440 Becker
546 4385 579 4438 de
600 4383 738 4453 catalogis
756 4382 992 4438 bibliothecarum
1012 4381 1135 4450 antiquis
1154 4383 1279 4452 (Ronuse

105 4483 131 4522 a.
154 4467 248 4533 1885),
267 4464 317 4518 ubi
335 4463 383 4532 qui
402 4463 485 4534 plura
502 4464 579 4518 volet
597 4463 757 4519 huiusmodi
776 4464 904 4530 exempla
923 4462 1055 4517 inveniet.

164 4563 374 4604 commentationes
388 4565 502 4604 Isnsusss.
530 4565 569 4603 VL
1052 4556 1067 4603 2
