3098 5024
769 326 988 390 ..34-

382 500 414 589 e)
437 505 481 565 Eo
504 509 598 584 magis
616 506 745 584 gaudere
764 507 916 587 dehemus,
940 507 1019 585 quod
1038 509 1155 584 integro
1174 505 1279 567 Rutilii
1296 505 1374 566 libro
1394 525 1460 566 usus

294 610 339 662 est
357 601 558 672 Quintilianus
581 605 610 664 in
634 605 831 664 institutionis
855 605 1001 664 oratoriae
1024 604 1100 665 lihro
1122 623 1213 666 nono:
1238 606 1325 664 cuius
1345 604 1459 682 quidem

293 700 381 760 rerba
406 719 481 780 quae
505 702 540 760 ad
560 701 703 762 Rutilium
728 708 862 781 spectant
886 703 912 762 si
936 720 1023 780 quam
1045 705 1277 762 accuratissume
1298 702 1460 762 considera-

293 815 372 877 mus,
401 798 546 876 permulta
573 799 642 859 inde
671 817 829 878 possumus
857 800 965 859 elicere
993 801 1029 859 ad
1053 799 1083 859 id
1107 799 1185 878 quod
1209 797 1396 878 propositum
1420 807 1460 859 est

293 895 523 956 diiudicandum.

333 1069 402 1149 55.
438 1067 519 1132 llum
537 1068 687 1160 ‘Rutilius
711 1071 943 1136 sententiarum
965 1070 1087 1152 figuras
1111 1087 1185 1135 suas
1208 1069 1315 1135 eodem
1338 1069 1427 1136 morio

315 1167 412 1246 atque
434 1164 557 1248 figuras
581 1166 750 1232 vorborum
774 1167 958 1233 definiverit
980 1167 1194 1252 exemplisque
1216 1167 1442 1234 illustraverit.

381 1293 440 1353 lam
468 1303 503 1355 ut
530 1294 564 1354 ad
590 1313 653 1355 rem
676 1298 769 1374 ipsam
794 1296 958 1378 accedam,
973 1301 1069 1376 primo
1092 1296 1157 1357 loco
1181 1299 1298 1357 exsistit
1322 1300 1458 1377 quaestio,

292 1409 363 1451 num
383 1391 512 1452 Rutilius
531 1395 745 1454 sententiarum
766 1394 875 1472 figuras
895 1394 1072 1474 deperditas,
1096 1394 1132 1454 de
1153 1395 1349 1474 quibuscum
1370 1397 1457 1475 egisse

292 1488 492 1559 Quintilianus
515 1493 600 1550 testis
624 1484 711 1573 estl),
736 1491 839 1552 eodem
864 1492 949 1552 modo
974 1511 1032 1571 quo
1052 1492 1211 1554 verborum
1232 1493 1343 1570 figuras
1363 1494 1456 1554 delini·

289 1591 364 1649 verit
388 1589 591 1668 exemplisque
616 1589 816 1649 illustraverit.

378 1688 418 1746 hc
442 1685 616 1756 Quintiliani
645 1705 720 1765 quae
749 1687 807 1747 huc
837 1689 988 1766 pertinent
1016 1687 1105 1748 verba
1129 1707 1197 1748 cum
1221 1706 1280 1748 non
1305 1691 1378 1749 satis
1398 1689 1453 1748 dili·

289 1789 393 1861 genter
423 1792 677 1863 perscrutaretur,
710 1783 849 1844 llraheim
881 1787 912 1845 in
941 1786 1016 1846 hanc
1046 1787 1248 1864 quaestionem
1277 1786 1455 1864 disceptandi

277 1883 435 1946 ¹rationem
458 1881 572 1962 incidit,
597 1890 629 1941 ut
654 1882 725 1941 mihi
749 1882 874 1962 videtur,
897 1882 1132 1960 improbabilem.
1170 1882 1278 1944 Censet
1297 1887 1375 1943 euim
1393 1881 1454 1962 p.3

290 1981 505 2038 sententiarum
529 1980 638 2056 figuras
662 1998 678 2038 a
698 1979 809 2039 Rutilio
833 1981 1036 2041 tantummodo
1059 1988 1246 2040 enumeratas
1266 1999 1332 2040 esse
1352 1984 1453 2040 sivein

290 2076 471 2155 praelatione
505 2078 567 2136 sive
600 2076 743 2136 absolutis
775 2077 935 2139 verborum
969 2079 1086 2157 figuris:
1123 2077 1234 2138 mavult
1266 2088 1364 2139 tamen
1394 2098 1453 2157 pro·

289 2177 417 2234 oemium
442 2191 491 2234 eas
515 2173 700 2251 complexum
721 2193 795 2235 esse.
836 2175 948 2236 Nititur
967 2175 1066 2245 Quint.
1087 2173 1261 2258 1Χ11102,
1285 2176 1338 2236 uhi
1356 2187 1384 2236 et
1402 2177 1453 2236 llu-

290 2270 385 2332 tilium
410 2278 440 2330 et
463 2269 581 2331 Celsum
604 2274 772 2350 posuisse
797 2272 887 2333 multa
912 2272 965 2332 alia
990 2273 1139 2333 schemata
1163 2273 1302 2334 dianoeas
1324 2274 1453 2352 legimus:

289 2367 367 2446 qnod
397 2366 518 2427 verbum
543 2386 660 2444 ponere
688 2388 755 2430 cum
785 2371 825 2430 ita
854 2372 1082 2450 interpretetur,
1112 2378 1146 2430 ut
1173 2389 1239 2430 esse
1267 2371 1344 2432 idem
1373 2381 1452 2450 atque

289 2467 469 2526 adscribere
492 2465 612 2546 iudicet,
636 2466 800 2546 adscriptas
823 2475 939 2528 tantum
959 2467 1045 2528 alteri
1064 2469 1228 2546 figurarum
1247 2471 1350 2547 generi
1369 2488 1383 2528 a
1401 2469 1453 2528 llu-

290 2563 354 2623 tilio
378 2581 427 2623 eas
450 2565 560 2641 figuras
584 2582 650 2624 esse
675 2567 786 2625 statuit.

377 2659 415 2721 ht
442 2669 524 2720 recte
552 2679 620 2720 eum
648 2661 795 2722 iudicasse
823 2663 897 2724 mihi
919 2664 1099 2743 persuadere
1123 2683 1250 2744 nequeo.
1297 2664 1359 2726 Hoc
1382 2667 1450 2725 eninr

290 2758 412 2818 verhum
436 2776 564 2834 ponere,
593 2759 673 2837 quod
701 2759 750 2820 ille
779 2764 864 2839 quasi
892 2761 1094 2842 amplectitur,
1122 2762 1201 2821 idem
1229 2761 1286 2821 hoc
1315 2761 1378 2824 loco
1403 2761 1452 2822 sihi

289 2855 362 2916 velle
390 2864 478 2935 atque
507 2875 681 2919 enumerare
710 2861 774 2917 sine
798 2858 1020 2936 definitionibus
1044 2858 1246 2938 exemplisque
1270 2862 1338 2938 quis
1361 2877 1451 2920 neces-

290 2957 366 3014 sarie
395 2954 597 3015 demonstrare
622 2952 753 3034 poterit?
799 2955 876 3015 Sane
900 2955 973 3016 haec
997 2974 1085 3035 quam
1109 2955 1248 3017 llraheim
1271 2959 1369 3018 inesse
1391 2957 1451 3017 hnic

177 3132 180 3142 Ι
290 3052 378 3112 verho
405 3052 467 3111 vult
490 3055 571 3112 notio
596 3055 706 3132 optime
730 3053 909 3132 quadratio
934 3053 1016 3114 illum
1041 3073 1129 3132 quem
1152 3056 1238 3114 initio
1261 3073 1377 3134 paragr.
1396 3051 1451 3116 102

290 3149 489 3220 Quintilianus
522 3160 666 3211 memorat
694 3150 868 3211 Ciceronem
897 3153 1036 3228 (praeter
1064 3156 1116 3212 illc
1145 3171 1216 3213 vero
1245 3170 1325 3227 quac
1355 3154 1452 3213 Cicero

290 3251 369 3308 tuter
393 3251 507 3307 lumina
528 3252 653 3324 posuit
674 3252 917 3322 sententiarum),
941 3251 993 3327 qui
1015 3267 1118 3309 revera
1136 3251 1167 3309 iu
1187 3252 1270 3310 tertii
1288 3250 1325 3310 de
1345 3259 1452 3310 oratore

289 3344 357 3403 libri
386 3363 410 3403 c.
434 3340 477 3405 53
501 3353 531 3404 et
554 3341 597 3406 54
626 3346 736 3423 figuras
765 3365 833 3407 suas
861 3349 980 3407 omissis
1008 3347 1231 3407 definitionibus
1260 3349 1451 3426 exemplisque

289 3443 405 3512 necuisi
435 3442 471 3501 de
499 3461 556 3502 usu
584 3447 687 3521 paucis
714 3445 864 3505 interdum
894 3444 1001 3504 additis
1029 3463 1063 3505 ex
1093 3445 1197 3504 ordine
1224 3447 1361 3522 posuisse
1389 3446 1452 3504 satis

289 3540 399 3600 hahuit.
433 3542 471 3599 At
488 3540 705 3621 paragraphum
720 3544 853 3621 proxime
868 3543 1091 3602 antecedentem
1109 3539 1170 3603 101
1188 3544 1214 3601 si
1228 3544 1451 3621 introspicimus,

290 3638 415 3716 legimus
439 3637 481 3697 ihi
503 3639 589 3700 haec:
612 3647 641 3700 et
668 3643 769 3702 Celsus
793 3647 893 3701 tumeo
916 3649 946 3701 et
968 3658 1027 3701 acro
1051 3645 1212 3715 neclegens
1235 3648 1346 3701 auctor
1371 3641 1450 3699 Visel-

289 3723 347 3796 lius
380 3740 410 3796 ch
442 3739 502 3797 hoc
531 3756 597 3797 eom
622 3747 714 3813 parte
738 3745 955 3814 posuerunt,
989 3739 1123 3798 Rutilius
1150 3740 1270 3812 quidem
1298 3739 1400 3814 Lupus
1425 3740 1451 3795 io

289 3841 419 3908 utroque
443 3853 558 3908 ponere
581 3838 672 3910 idque
696 3830 873 3896 ἀντίθετον
896 3842 992 3896 cocat.
1038 3833 1168 3895 Rutilius
1192 3833 1307 3894 scilicet
1331 3843 1361 3895 et
1381 3837 1452 3894 inter

290 3933 389 3990 lexeos
408 3940 437 3990 et
456 3933 535 3991 inter
554 3933 692 3992 dianoeas
712 3933 860 3992 schemata
879 3935 1001 4010 posuit
1019 3933 1143 4011 figuram
1162 3925 1354 3993 ἁντνθέτουε
1375 3935 1452 3993 cuins

290 4031 446 4107 utriusque
476 4031 593 4107 generis
621 4031 760 4090 antitheti
787 4049 879 4091 unum
908 4032 987 4090 inter
1012 4030 1164 4090 schemata
1188 4028 1288 4089 lexeos
1313 4039 1451 4090 serratum

381 4185 406 4245 1)
436 4181 667 4247 Quattuordecim
695 4183 745 4237 ille
773 4184 875 4252 figuras
901 4182 1103 4238 sententiarum
1125 4180 1285 4236 Rutilianas
1309 4183 1451 4236 memorat:

289 4261 328 4316 IX
345 4271 367 4314 '11
387 4267 437 4316 103
457 4265 486 4315 et
506 4267 556 4316 106
585 4261 733 4317 duodecim
762 4262 873 4329 laudat;
900 4265 1049 4333 praeterea
1075 4263 1179 4332 figuras
1203 4263 1232 4316 et
1255 4257 1404 4318 ἀντιθέων
1426 4263 1453 4314 et

291 4337 450 4410 ἀναγκαίου
469 4340 497 4394 in
518 4343 636 4410 utroque
655 4358 769 4411 genere,
794 4342 903 4396 scilieet
920 4343 994 4397 inter
1013 4345 1116 4412 figuras
1136 4344 1165 4396 et
1182 4340 1333 4396 verborum
1352 4345 1380 4397 et
1397 4358 1452 4395 sen-

288 4420 453 4487 tentiarum,
472 4421 580 4489 positas
599 4422 634 4475 ab
653 4421 703 4476 illo
723 4421 793 4476 dicit
811 4421 859 4490 (IX
873 4443 896 4476 11
915 4430 962 4477 101
982 4425 1011 4477 et
1028 4429 1129 4490 11106‚
1149 4423 1248 4491 11199).
