3098 5024
743 328 962 390 „30-

268 507 506 590 ovtloyeopdo,
529 513 627 570 minos
652 556 680 568 ..
703 504 915 590 κατάπληξιν,
939 511 1229 570 exhortationem..
1252 527 1447 591 παραινετι-

268 601 345 691 κόν)
368 627 384 668 e
403 607 514 667 Rutilio
539 608 646 684 petitas
670 624 735 666 esse
760 625 775 666 a
795 605 880 666 Celso
905 615 988 666 extra
1011 625 1129 667 omnem
1148 607 1364 668 dubitationem
1384 616 1446 668 est:

268 705 318 766 sed
348 706 384 765 de
412 705 459 765 bis
488 704 603 765 duabus
631 703 822 784 paragraphis
847 700 910 764 102
935 713 965 764 et
990 701 1052 767 103
1081 707 1156 766 inira
1181 706 1266 785 plura
1291 705 1378 766 verba
1404 706 1447 764 la·

268 804 367 863 ciendi
389 805 532 864 offeretur
555 805 679 863 occasio.

357 895 390 984 d)
420 901 479 961 lam
509 908 579 960 sunt
607 899 798 978 comparandi
824 901 924 978 graeci
951 902 1150 978 posteriorum
1181 909 1346 980 temporum
1376 903 1445 962 rbe-

269 1007 363 1080 tores,
392 1017 466 1078 qnos
492 1016 560 1058 cnm
585 1017 656 1059 usos
679 1015 760 1078 esse,
788 1000 814 1058 si
837 998 957 1076 quidem
982 1001 1028 1058 nsi
1051 1006 1134 1078 sunt,
1162 1001 1226 1076 ipso
1252 999 1362 1060 Rutilio
1388 1020 1446 1060 nec

267 1100 366 1176 potius
390 1097 497 1175 Gorgia
521 1115 576 1157 sno
600 1095 733 1156 absimile
757 1114 826 1156 vero
849 1113 938 1173 snpra
958 1095 1159 1176 indicaverim,
1183 1097 1214 1156 bi
1234 1097 1353 1177 quidem
1373 1118 1444 1158 cnut

267 1199 332 1275 ipso
352 1195 458 1273 Gorgia
479 1196 591 1255 rectius
611 1195 815 1254 conferuntur.
851 1193 893 1253 hc
913 1211 949 1253 ue
969 1195 1045 1272 qula,
1069 1213 1136 1254 cnm
1156 1198 1325 1255 meminerit
1345 1197 1446 1274 ipsum

268 1294 393 1372 Gorgiae
420 1292 528 1353 librum
553 1300 721 1371 temporum
746 1293 854 1352 iniuria
878 1292 1017 1371 periisse,
1046 1292 1192 1353 eiusmodi
1216 1295 1340 1353 rationis
1364 1313 1447 1353 com·

270 1391 392 1470 parandi
417 1391 608 1456 lirndameuta
632 1390 791 1469 desideret,
805 1390 887 1450 'baec
911 1408 927 1448 e
951 1392 1065 1449 ratione
1090 1407 1165 1468 qnae
1189 1391 1347 1450 intercedit
1367 1393 1448 1450 inter

269 1487 411 1548 Rutilium
442 1497 472 1548 et
495 1488 632 1566 Gorgiam
661 1487 788 1566 peteuda
816 1495 895 1549 sum.
942 1486 1000 1546 Sed
1030 1497 1129 1548 utrum
1159 1506 1261 1548 omncs
1290 1488 1325 1548 ad
1356 1506 1446 1548 rvnam

269 1587 393 1665 Gorgiae
425 1587 534 1664 figuras
562 1585 692 1646 Rutilius
721 1585 907 1646 transtulerit
935 1603 1043 1664 necue,
1074 1584 1131 1644 hoc
1160 1586 1279 1664 quidem
1308 1586 1373 1646 loco
1405 1585 1447 1644 nil

269 1685 363 1745 refert
387 1717 427 1726 —
452 1685 518 1744 vide
547 1693 646 1744 tamen
675 1703 749 1763 quoe
777 1683 853 1743 inira
882 1684 1032 1760 incapite
1057 1684 1146 1742 tertio
1170 1701 1204 1742 ea
1227 1683 1263 1742 de
1287 1700 1320 1742 re
1344 1683 1447 1761 dispu-

176 1824 177 1828 =
270 1781 339 1842 taho
358 1814 410 1863 -—,
435 1800 502 1842 uam
526 1780 598 1842 illud
623 1789 704 1841 certe
728 1780 850 1842 dubium
872 1787 1004 1859 nonest,
1028 1781 1101 1859 qniu
1119 1779 1174 1840 hae
1194 1779 1353 1840 verborum
1373 1780 1448 1858 trgu-

271 1899 319 1939 rae
349 1880 542 1958 qnadraginta
571 1896 629 1938 uua
654 1897 792 1952 numero,
821 1896 895 1958 qnae
923 1876 1010 1937 nobis
1038 1885 1157 1955 praesto
1184 1888 1268 1959 suut,
1296 1896 1311 1936 e
1336 1876 1448 1955 Gorgia

270 1987 393 2038 cunctae
428 1977 585 2037 translatae
615 1979 676 2037 siut
703 1995 758 2036 uec
787 1977 905 2037 uomina
934 1975 1029 2036 solnm
1059 1975 1162 2035 eadem
1189 1975 1267 2054 apud
1295 1975 1449 2054 Gorgiam,

269 2094 372 2136 verum
397 2078 486 2136 etiam
511 2075 634 2134 eandem
659 2076 716 2134 vim
736 2074 903 2153 habuerint,
926 2080 960 2133 ut
978 2073 1032 2132 bas
1051 2072 1215 2132 Rutiliauas
1235 2072 1353 2133 easdem
1374 2073 1448 2132 Gor·

270 2176 371 2250 ginnas
391 2174 491 2234 dicere
509 2173 610 2234 liceat:
629 2175 693 2233 iure
708 2175 800 2251 igitur
815 2171 942 2250 quodam
956 2170 1030 2230 mihi
1044 2171 1146 2231 videor
1161 2170 1308 2251 Gorgiam,
1327 2171 1450 2230 etiamsi

269 2271 358 2332 huius
381 2270 474 2331 libros
497 2272 534 2331 de
555 2272 658 2349 liguris
678 2278 819 2349 quattuor
838 2272 867 2329 in
887 2268 1024 2329 manibus
1045 2287 1103 2328 nou
1123 2271 1179 2328 iam
1199 2268 1352 2348 habentne,
1376 2287 1448 2329 cum

270 2370 378 2429 ceteris
398 2371 449 2448 qui
468 2378 536 2448 post
555 2387 623 2429 eum
644 2369 765 2428 luerunt
784 2365 955 2427 rhetoribus
970 2367 1085 2444 graecis
1099 2374 1326 2446 comparaturus
1341 2361 1451 2449 esse.¹)

360 2465 417 2526 Sed
452 2473 660 2545 praeterquam
694 2465 772 2545 quod
801 2482 909 2525 nomen
937 2465 1062 2542 Gorgiae
1091 2463 1167 2543 apud
1197 2472 1313 2524 ceteros
1342 2483 1449 2524 omnes

271 2581 397 2640 qnorum
422 2563 513 2623 libros
536 2563 679 2623 habemus
703 2562 840 2623 rhetores
859 2580 981 2641 graecos
1000 2579 1146 2639 nusquam
1165 2556 1316 2644 legitur2),
1340 2561 1450 2622 similis

270 2661 406 2720 instituta
435 2661 616 2738 comparatio
644 2660 763 2722 edocuit
791 2679 838 2720 me
867 2679 901 2720 ex
930 2659 987 2720 illis
1012 2661 1153 2720 -ratio
1181 2670 1279 2720 autem
1308 2678 1448 2721 maxume

270 2756 429 2819 Alexandri
451 2758 589 2819 Numenii
613 2759 826 2840 epitomatoris,
849 2756 1105 2837 Phoebammonis,
1129 2756 1251 2838 Tiberii,
1275 2756 1448 2839 Herodiani,

270 2852 391 2934 Zonaei,
424 2857 515 2915 trium
548 2862 701 2933 praeterea
734 2858 787 2934 qui
820 2855 856 2916 de
884 2857 987 2934 figuris
1016 2857 1203 2934 scripserunt
1230 2873 1447 2935 anonymorum

271 2952 404 3014 habenda
425 2961 470 3012 est
494 2987 535 2994 —
561 2952 601 3012 ull
620 2971 708 3032 posse
727 2953 762 3014 ad
783 2952 920 3032 Gorgiam
940 2954 1001 3012 sive
1021 2952 1165 3013 Rutilium
1184 2954 1298 3013 reterri.
1335 2953 1448 3014 lisdem

271 3067 344 3127 quas
377 3068 466 3128 supra
500 3052 591 3111 statui
624 3059 765 3130 quattuor
798 3053 883 3130 qnasi
915 3052 1072 3128 categoriis
1103 3050 1285 3130 subiungere
1313 3053 1448 3130 singulas

270 3147 379 3225 figuras
403 3147 485 3208 licet:

360 3245 402 3305 hc
425 3248 556 3326 primum
580 3247 674 3325 figura
698 3243 853 3326 ἐπιβολῆς
876 3247 963 3324 Gorg.
984 3240 1065 3329 (Rnt.
1086 3245 1099 3304 l
1120 3243 1153 3326 Ι)
1179 3245 1283 3306 eodem
1306 3246 1355 3306 illa
1380 3251 1447 3326 qul·

271 3343 337 3402 dem
362 3361 460 3424 seusu,
485 3345 536 3404 sed
560 3362 684 3422 prorsus
708 3345 764 3406 alio
788 3346 907 3404 nornine
931 3343 1041 3422 legitur
1060 3343 1137 3422 apud
1158 3343 1239 3404 Alex.
1253 3343 1339 3405 Num.
1358 3365 1387 3424 p.
1403 3345 1449 3407 20

271 3433 321 3522 (cx
346 3440 496 3519 Spengelii
520 3441 565 3502 ed.
588 3441 664 3501 rhet.
684 3461 779 3520 graec.
803 3441 859 3501 vol.
878 3435 933 3524 ΙΙΙ)
962 3442 1041 3500 iuter
1068 3440 1181 3502 schem.
1200 3441 1277 3502 dian.
1301 3452 1331 3502 st
1355 3463 1382 3522 p.
1404 3441 1448 3504 29

270 3539 349 3597 iuter
373 3537 483 3598 schem.
503 3539 568 3621 lex,
595 3538 706 3599 Phoeh.
728 3557 756 3617 p.
776 3536 833 3620 46,
861 3537 959 3598 Tiber.
983 3557 1011 3616 p.
1032 3536 1087 3618 72,
1111 3538 1180 3600 Zon.
1204 3558 1232 3618 p.
1254 3536 1330 3620 164,
1358 3558 1449 3602 arion.

361 3710 388 3779 1)
414 3710 456 3763 Ex
478 3708 536 3763 illis
561 3727 631 3779 quos
655 3727 718 3764 cum
741 3707 849 3764 Rutilio
872 3708 980 3764 contuli
1001 3707 1099 3763 latinis
1122 3710 1281 3765 rhetoribus
1303 3709 1451 3766 neminem

271 3805 352 3844 nsum
372 3806 432 3844 esse
447 3788 553 3857 Gorgia
572 3788 634 3843 luce
653 3791 696 3843 est
715 3789 827 3857 clarius,
847 3789 950 3859 quippe
971 3806 1041 3858 quos
1059 3807 1095 3844 ne
1109 3788 1248 3843 Rutilium
1267 3789 1381 3858 quidem
1398 3792 1450 3845 ad-

270 3869 393 3924 hibuisse
421 3869 680 3926 demonstraverim.
724 3868 929 3936 Quintilianum
957 3869 988 3921 in
1014 3869 1142 3924 manibus
1166 3869 1297 3923 habuisse
1321 3867 1450 3940 Gorgiae

270 3949 373 4004 librum
393 3953 522 4004 accurate
541 3950 729 4006 demonstrari
747 3947 859 4019 nequit:
880 3951 955 4004 certe
975 3948 1112 4003 Rutilium
1129 3949 1154 4002 is
1169 3965 1253 4017 quam
1267 3948 1347 4003 illum
1362 3967 1447 4019 grae·

271 4049 334 4085 cum
357 4028 499 4085 hominem
522 4030 638 4086 laudare
656 4030 766 4085 maluit.
787 4060 819 4070 -
840 4029 969 4084 Getarum
988 4028 1064 4099 apud
1082 4027 1186 4084 latinos
1205 4027 1357 4098 scriptores
1376 4029 1449 4086 Gor-

270 4111 334 4179 giae
361 4126 465 4165 nomen
489 4113 601 4180 praeter
624 4109 786 4165 Ciceronem
810 4109 856 4178 (cf.
876 4109 930 4163 Cic.
951 4126 993 4180 ep.
1014 4109 1092 4178 XVI,
1112 4111 1158 4178 tt)
1188 4110 1217 4162 et
1241 4109 1452 4174 Quintilianum

165 4201 166 4208 ’
271 4192 345 4258 apud
365 4191 498 4245 Senecam
521 4191 601 4246 uobis
625 4191 713 4245 semel
736 4189 871 4258 occurrit,
895 4189 943 4258 qui
966 4191 996 4243 iu
1016 4191 1140 4246 controv.
1155 4189 1173 4244 l.
1189 4189 1201 4241 Ι
1216 4206 1239 4244 c.
1255 4189 1293 4242 ΙΙΙ
1312 4205 1376 4244 eum
1397 4191 1450 4247 de-

271 4271 454 4325 clamationes
474 4269 617 4339 scripsisse
636 4271 771 4340 testatur,
790 4269 824 4324 cl.
843 4269 954 4324 Ruhnk.
973 4270 1059 4339 praef.
1079 4290 1106 4340 p,
1122 4269 1168 4326 XI.

361 4353 388 4418 2)
417 4351 458 4404 Ex
486 4349 548 4404 aliis
576 4351 684 4419 graecis
712 4349 895 4421 scriptoribus
919 4351 1115 4404 tantummodo
1139 4349 1307 4404 Plutarchus
1330 4349 1360 4404 iu
1385 4353 1452 4410 vita

272 4429 411 4485 Ciceronis
431 4449 459 4500 p.
473 4435 526 4484 873
545 4428 604 4484 elus
623 4429 794 4487 mentionem
813 4429 893 4500 facit,
914 4429 949 4485 cf.
967 4428 1079 4484 Rnhnlr.
1098 4431 1185 4500 praei.
1205 4449 1232 4498 p.
1248 4429 1295 4483 XI.
