3098 5024
607 309 827 404 ..29ῌΙ

117 531 248 584 versata
272 530 317 583 est
340 525 464 582 interiit.
503 521 703 592 Quintilianus
728 523 806 580 enirn
825 519 865 578 111
885 518 990 582 11102
1014 521 1104 581 tradit
1122 529 1240 599 praeter
1259 520 1308 580 illa

118 640 207 700 quae
227 620 330 681 Cicero
351 622 429 681 inter
447 619 557 680 lumina
577 621 677 698 posuit
697 621 911 679 sententiarum
931 619 1023 679 multa
1043 620 1097 680 alia
1118 628 1147 680 et
1161 620 1305 680 Rutilium

119 719 270 798 Gorgiam
290 727 424 780 seculum
443 720 580 798 posuisse
600 717 749 778 schemata
769 723 807 796 et,
829 716 965 776 videlicet
981 717 1091 777 Rutilio
1107 718 1306 798 accedentem,

119 817 260 897 Celsum,
284 817 365 877 illum
390 819 421 876 Α.
441 815 611 876 Cornelium
636 814 754 875 Celsum
778 815 830 892 qui
852 814 1119 894 encyclopaediam,
1143 823 1176 875 11
1199 818 1239 875 ita
1263 815 1306 873 di-

120 933 205 993 cam,
225 933 280 993 qua
295 917 344 974 rei
364 916 493 973 rusticae
513 924 542 972 et
563 912 697 972 militaris
715 920 744 972 et
758 911 924 971 medicinae
939 922 968 972 et
984 912 1150 973 rhetoricae
1168 923 1198 972 et
1212 911 1305 991 philo·

122 1011 252 1091 sophiae
272 1022 301 1072 et
319 1014 394 1072 iuris
414 1011 644 1072 continebantur
662 1020 829 1088 praecepta,
851 1012 1038 1090 conscripsit,
1060 1029 1186 1088 qtrorum
1206 1021 1305 1070 tamen

124 1110 275 1170 librorum
300 1112 431 1169 omnium
456 1110 491 1169 de
518 1108 662 1168 medicina
686 1106 754 1167 libri
779 1116 846 1167 octo
870 1107 925 1167 soli
949 1116 1074 1168 aetatem
1095 1108 1235 1169 tulerunt.
1277 1107 1305 1167 11

122 1211 224 1286 igitur
250 1208 354 1268 Celsus
384 1208 494 1267 dicitur
523 1209 684 1266 accessisse
713 1205 837 1284 Rutili03
870 1205 984 1265 accedit
1012 1213 1111 1265 autem
1139 1206 1239 1286 alicui,
1272 1214 1305 1265 11

125 1304 301 1364 Ruhnkenii
326 1304 422 1364 verbis
447 1313 513 1363 utar
537 1322 612 1382 quae
636 1306 666 1363 in
690 1306 755 1363 eius
778 1304 847 1363 edit.
868 1303 935 1364 Rut.
954 1303 1039 1383 Lupi,
1063 1306 1115 1383 riq.
1135 1303 1228 1384 Rom,
1251 1303 1303 1363 1111.

124 1403 199 1463 Rui.
209 1403 299 1482 prael.
315 1423 342 1482 p.
351 1401 415 1460 XIV
430 1401 578 1480 leguntur,
594 1403 685 1480 isqui
701 1404 877 1461 sententiam
893 1401 1015 1461 alterius
1030 1403 1174 1481 sequitur,
1189 1402 1304 1482 prohat,
1381 1395 1383 1398 ’

125 1509 162 1560 111
191 1502 222 1559 11
250 1501 412 1579 figurarum
441 1500 616 1558 tractatione
645 1499 774 1559 adluisse
802 1498 845 1558 illi
870 1498 1012 1560 Rutilium
1040 1499 1228 1560 manifestum
1257 1503 1303 1560 111.

221 1598 306 1658 Η111
338 1605 437 1658 autem
466 1595 583 1656 Celsum
614 1615 681 1657 cum
709 1596 788 1657 idern
816 1597 865 1656 ille
895 1616 910 1656 1
939 1616 997 1676 qrro
1026 1615 1094 1656 eum
1122 1615 1209 1657 usum
1238 1616 1303 1657 1111

126 1695 241 1756 Rutilio
274 1698 425 1775 cognitum
455 1694 597 1754 hahemus
626 1693 825 1763 Quintilianus
854 1697 884 1755 in
913 1697 1074 1773 ligurarum
1104 1694 1303 1774 descriptione

127 1798 249 1872 saepius
282 1800 439 1873 memoret,
473 1794 640 1871 quaeritur,
671 1795 803 1870 possitne
831 1793 938 1852 horum
966 1795 1125 1872 quicquam
1154 1794 1239 1853 nohis
1268 1795 1303 1854 ad

128 1893 368 1970 cognoscendam
384 1893 553 1969 genuinam
577 1889 682 1950 Rutilii
705 1890 829 1951 sormam
853 1893 921 1950 usui
945 1909 1019 1950 esse,
1066 1889 1124 1949 Sed
1148 1909 1199 1950 eos
1223 1891 1304 1951 locos

126 1989 240 2070 quibus
272 1993 303 2050 in
336 1992 407 2050 noni
439 1987 508 2047 lihri
542 2007 604 2066 cap.
628 1987 725 2047 l-lil
755 1988 833 2047 Celsi
862 2006 969 2048 nouren
998 1989 1131 2048 occurrit
1159 1992 1183 2049 si
1212 1991 1303 2048 intro-

125 2090 286 2168 spicimuS,
315 2091 444 2166 primum
474 2089 504 2145 in
533 2089 621 2146 tertio
651 2089 746 2164 capite
775 2085 852 2164 quod
883 2095 928 2145 est
955 2087 991 2146 de
1017 2088 1175 2148 verborum
1200 2088 1303 2164 figuris

124 2187 178 2247 ille
207 2189 326 2246 omnino
350 2203 409 2245 non
433 2187 603 2245 nominatur
626 2176 819 2265 (quamquam
844 2187 931 2244 etiam
956 2184 1001 2243 de
1016 2184 1176 2245 verborum
1200 2187 1303 2264 liguris

125 2284 247 2344 Celsum
271 2286 368 2361 egisse
391 2302 445 2361 per
470 2300 535 2342 sese
560 2282 645 2359 quasi
669 2279 852 2358 intellegitur
876 2290 918 2361 et,
947 2301 1015 2342 cum
1039 2282 1183 2343 Rutilium
1207 2282 1243 2342 ah
1267 2301 1302 2342 eo

124 2380 294 2441 adhibitum
318 2400 384 2441 esse
408 2389 525 2440 certum
549 2381 596 2458 sit,
622 2397 657 2437 ex
680 2377 840 2437 verborum
864 2398 982 2458 quoque
1006 2379 1086 2440 illius
1110 2382 1212 2460 liguris
1233 2381 1302 2440 hau-

127 2482 206 2540 sisse
230 2498 298 2540 eum
321 2481 384 2538 veri
407 2477 588 2538 simillimum
608 2469 677 2558 est),
702 2475 808 2535 deinde
828 2478 857 2535 in
878 2476 969 2537 altero
989 2480 1084 2556 capite
1105 2478 1182 2557 quod
1204 2489 1248 2538 est
1267 2479 1303 2538 dc

126 2580 345 2639 sententiarum
369 2577 472 2655 figuris
496 2593 556 2635 non
581 2573 676 2633 solum
696 2573 839 2634 Rutilium
859 2574 989 2635 adfuisse
1009 2575 1093 2635 Celso
1113 2577 1247 2637 videmus
1267 2595 1302 2636 ex
1367 2559 1371 2567 ¹

124 2693 244 2756 paragr.
267 2674 343 2755 102,
367 2693 470 2734 verum
494 2675 582 2733 etiarn
607 2671 759 2732 Visellium
784 2664 818 2754 (ἓ
839 2669 916 2733 1061
947 2674 1096 2749 Visellius
1120 2692 1302 2749 quamquam

120 2778 328 2851 paucissimas
340 2771 442 2848 saciat
451 2775 580 2846 fipuras,
597 2766 773 2850 ἐνθύμημα
784 2779 892 2845 tamen,
908 2774 990 2846 quod
999 2781 1195 2833 commentum
1206 2780 1301 2846 vocat,

124 2880 158 2932 et
181 2875 331 2932 rationem
355 2872 511 2946 appellans
535 2863 727 2949 ἐπιχείρημα
752 2872 832 2928 inter
856 2886 908 2928 eas
931 2869 1030 2928 hahet.
1077 2870 1165 2940 Quod
1182 2873 1301 2944 quidem

124 2973 239 3046 recipit
262 2970 479 3044 quodammodo
503 2973 533 3026 et
555 2967 670 3027 Celsus:
694 2984 765 3026 nam
788 2983 973 3040 consequens
997 2985 1038 3026 an
1059 2969 1244 3043 epichirema
1263 2972 1303 3028 sit
1394 2957 1399 2963 ’

124 3069 262 3140 dubitat)
287 3066 451 3144 multasque
476 3071 628 3143 praeterea
653 3082 721 3124 eum
745 3066 842 3141 ipsum
863 3063 983 3123 linxisse
1003 3065 1113 3143 figuras
1132 3084 1168 3125 er
1187 3084 1302 3144 paragr.

126 3162 194 3226 104
214 3164 311 3224 elucet
329 3157 474 3246 (praeter
493 3164 571 3222 1111
591 3163 692 3222 Celsus
711 3164 886 3236 excludere,
906 3164 1099 3238 adseverare,
1119 3167 1301 3238 detrectare,

124 3267 269 3323 excitare
292 3263 431 3334 iudicem,
452 3261 625 3336 proverbiis
649 3263 702 3338 uti,
726 3269 755 3320 et
777 3262 916 3321 uersibus
940 3268 970 3321 et
993 3265 1059 3321 ioco
1082 3267 1111 3321 et
1134 3263 1249 3321 invidia
1273 3269 1303 3321 et

124 3363 319 3420 inuocatione
342 3360 501 3419 intendere
524 3361 653 3436 crimen,
681 3360 764 3432 quod
786 3366 830 3418 est
853 3355 1019 3434 delumens,
1049 3361 1188 3431 adulari,
1217 3363 1300 3432 ipno-

122 3477 227 3533 scere,
249 3457 407 3534 fastidire,
431 3458 607 3530 admonere,
631 3454 821 3530 satisfacere,
841 3458 978 3532 precari,
1002 3457 1161 3531 corripere
1181 3459 1301 3529 fipuras

118 3564 214 3634 putat
246 3554 360 3615 scilicet
394 3545 638 3635 sententiarum),
672 3555 759 3613 etiam
793 3571 868 3631 quae
901 3552 1041 3631 leguntur
1071 3549 1157 3628 §22
1186 3545 1220 3634 (ἕ
1245 3550 1300 3612 201

123 3655 360 3715 communicatio
381 3672 446 3732 ...3
470 3650 489 3726 ἕ
509 3648 566 3711 22;
588 3653 645 3710 sed
666 3668 890 3725 nonnumquam
910 3653 1165 3710 communicantes
1184 3648 1303 3724 aliquid

124 3756 352 3827 inexpectatum
371 3751 589 3824 subiungimus,
609 3751 692 3823 quod
709 3755 739 3809 et
753 3768 811 3825 per
830 3766 862 3809 se
878 3750 999 3809 schema
1014 3755 1059 3808 est
1077 3793 1083 3806 .
1100 3793 1105 3806 .
1125 3749 1182 3807 111
1201 3749 1301 3808 Celsus

121 3852 372 3910 sustentationem
395 3839 498 3929 cocat)
522 3854 552 3906 et
576 3844 843 3923 §taratantara
866 3853 900 3906 ut
919 3848 964 3906 ait
985 3847 1101 3922 Cicero,
1125 3847 1179 3906 sub
1199 3850 1301 3907 oculos

122 3948 271 4007 subiectio
295 3952 357 4005 tum
378 3948 452 4014 fieri
473 3949 555 4024 solet,
582 3963 650 4006 cum
674 3964 724 4005 res
747 3964 808 4006 non
829 3952 915 4020 peste
941 3946 1108 4017 indicatur,
1131 3947 1187 4004 sed
1207 3951 1241 4004 ut
1263 3948 1303 4005 sit

120 4051 212 4120 peste
236 4045 414 4116 ostenditur,
442 4061 499 4103 nec
523 4046 680 4118 universa,
703 4046 759 4103 sed
777 4062 835 4119 per
855 4045 972 4119 partis:
999 4059 1087 4116 quem
1111 4045 1209 4103 locum
1228 4061 1299 4118 pro·

122 4145 208 4203 ximo
237 4144 315 4202 libro
342 4141 524 4201 subiecimus
551 4143 733 4220 evidentiae,
761 4149 790 4201 et
816 4143 918 4202 Celsus
941 4142 999 4200 hoc
1022 4157 1128 4200 nomen
1153 4143 1299 4216 11111111-

123 4260 182 4302 rae
206 4242 302 4312 dedit)
326 4239 360 4299 ad
385 4240 480 4317 ipsius
504 4240 655 4317 ingenium
677 4238 932 4300 11111111111111.
975 4237 1077 4316 itaque
1096 4241 1299 4300 tantummodo

123 4357 175 4398 eas
211 4355 285 4418 quae
313 4336 332 4413 5
358 4333 421 4397 103
451 4337 591 4415 leguntur
620 4338 834 4396 sententiarum
862 4337 971 4414 figuras
1001 4328 1299 4418 (consummationem

122 4484 161 4498 ..
192 4433 390 4515 deailayrlv,
432 4452 616 4510 consequens
645 4481 678 4493 ..
708 4428 992 4513 ἐπακολούθησιν,
1035 4437 1298 4496 collectionem..
