3098 5024
585 336 803 402 „19-

101 527 281 598 usurpatam
304 518 435 578 videmus
455 521 484 578 in
500 519 747 598 inscriptionibus
762 538 835 598 quas
849 520 993 599 praebent
1008 521 1087 581 Flori
1102 522 1165 582 cod.
1180 521 1280 582 Ramh.

100 625 132 676 et
159 617 276 676 Namn:
300 620 429 692 epitoma
448 617 523 677 Iulii
540 619 627 678 Florr'
648 620 686 677 de
708 617 737 677 Τ.
753 618 842 678 Liuio
866 619 1011 680 bellorum
1034 624 1164 681 omnium
1188 638 1280 681 unno-

101 731 177 773 rum
196 715 280 773 hcc
300 714 374 773 libri
397 716 456 774 doc
478 722 507 774 et
526 715 559 774 L.
574 716 675 776 Annei
692 718 779 792 Elorr‘
796 719 924 792 epitoma
944 720 982 778 de
1004 717 1033 777 Τ.
1048 718 1145 779 Liuio.
1183 716 1280 788 Quare

102 813 198 870 etiam
218 811 253 871 de
273 813 401 890 epitome
422 830 508 890 posse
530 811 660 891 intellegi
679 812 756 872 illam
776 812 880 873 Rutilii
901 814 1038 876 codicum
1056 817 1280 894 inscriptionem

102 911 276 987 putaverim
303 908 383 969 hunc
409 911 440 968 in
465 909 599 970 modum:
627 909 657 970 P.
678 910 782 971 Rutilii
805 913 883 989 Lupi
906 913 1055 973 schemata
1079 913 1177 975 lexeos
1202 909 1281 997 (hre-

104 1001 200 1088 viata)
225 1008 261 1067 de
284 1006 360 1067 lihro
385 1007 523 1068 secundo.

199 1106 284 1177 Quod
308 1114 376 1166 utut
399 1113 453 1186 est,
477 1107 502 1164 si
525 1105 742 1184 perlustramus
765 1109 860 1186 ipsius
880 1108 982 1169 Rutilii
1002 1109 1189 1170 definitiones
1208 1111 1281 1188 figu-

104 1222 209 1264 rarum
234 1212 322 1282 atque
346 1202 487 1283 exempla,
512 1221 583 1264 num
607 1204 684 1264 lorte
709 1206 779 1283 quid
804 1208 968 1284 requiritur
987 1209 1018 1266 in
1037 1206 1093 1287 his,
1118 1207 1232 1268 scilicet
1251 1216 1285 1269 ut

105 1304 168 1362 sint
206 1300 364 1379 ampliores
401 1301 589 1360 definitiones
626 1305 778 1381 maiorque
812 1305 851 1363 sit
884 1322 1028 1364 numerus
1061 1301 1284 1383 exemplorum?

105 1399 187 1478 hege
208 1399 315 1458 Zonaei
338 1397 485 1459 libellum:
510 1398 558 1459 hic
583 1399 703 1478 quidem
728 1420 787 1461 uuo
811 1401 897 1461 hrevi
916 1405 1068 1462 enuntiato
1088 1401 1163 1462 solet
1183 1403 1285 1462 defini·

106 1501 221 1560 tionem
245 1496 397 1558 absolvere
422 1514 477 1557 nec
500 1495 560 1556 nisi
579 1516 671 1557 unum
692 1499 859 1578 exemplum
880 1502 1041 1579 unicuique
1061 1501 1172 1578 figurae
1192 1501 1286 1561 addit:

108 1597 185 1656 hauc
214 1615 279 1656 esse
308 1596 459 1674 epitomen
487 1613 574 1655 nemo
603 1614 662 1656 non
692 1599 790 1657 statim
814 1597 901 1657 videt.
947 1597 1047 1676 Longe
1071 1597 1157 1658 aliter
1179 1617 1228 1658 res
1253 1617 1285 1658 se

108 1695 187 1772 apud
212 1693 357 1754 Rutilium
385 1693 486 1753 hehet:
519 1693 735 1771 descriptiones
763 1697 863 1774 potius
891 1697 963 1754 satis
992 1695 1103 1774 amplas
1131 1715 1219 1774 quam
1243 1696 1285 1756 di·

108 1795 235 1852 stinctas
258 1791 424 1871 brevesque
449 1791 598 1852 finitiones
623 1809 688 1852 csse
712 1793 776 1852 eius
800 1793 963 1869 figurarum
987 1793 1174 1854 definitiones
1194 1812 1283 1873 supra

109 1892 249 1970 exposui3
281 1888 491 1950 nonnullorum
526 1888 710 1949 schematum
742 1887 784 1948 ibi
813 1889 899 1967 plura
927 1908 1036 1969 genera
1064 1890 1284 1972 describuntur,

109 1987 178 2046 bina
217 1989 378 2066 figurarum
416 1983 695 2067 προσαποδόσεως
732 1989 987 2067 συναθροισμοῦ
1020 1985 1285 2066 παραδιοιστολῆς

110 2079 266 2164 ἐπιβολῆς
285 2080 520 2164 ἐπαναλήψεοις
539 2081 746 2163 μεταβάσεως
766 2080 907 2165 ὁρισμοῦ
926 2085 1204 2164 προσωποποιίας,
1228 2087 1284 2145 tria

109 2177 303 2263 ἀντιθέτου;
327 2201 397 2243 sane
422 2190 537 2261 septem
559 2183 671 2262 figurae
690 2192 761 2243 sunt
781 2184 905 2261 singulis
924 2192 1040 2245 tantum
1059 2185 1201 2263 exemplis
1220 2182 1285 2242 illu·

111 2287 229 2359 stratae,
253 2291 283 2340 at
302 2283 405 2358 viginti
425 2299 476 2340 sex
495 2279 606 2339 hahent
626 2279 692 2339 hina
713 2280 855 2360 exempla,
879 2282 990 2359 figurae
1008 2278 1286 2362 προσαποδόσεοις

111 2380 367 2458 συναθροισμοῦ
395 2373 654 2457 ἀνιιμειοιβολῆς
677 2372 832 2456 ἐπιβολῆς
855 2372 1089 2456 ἐπαναλήψεως
1112 2393 1285 2458 προσωπο-

112 2475 222 2548 ποιίοις
244 2484 337 2555 terna,
361 2477 472 2554 figurae
496 2472 755 2548 συνοικειώσεως
778 2483 808 2534 et
828 2470 1006 2536 ἀντιθὲιου
1025 2479 1113 2536 etiam
1134 2487 1288 2556 quaterna·

201 2572 261 2634 Nec
294 2573 405 2634 nullius
438 2575 581 2632 momenti
613 2581 684 2652 puto
716 2573 795 2652 quod
824 2572 913 2632 verba
942 2573 990 2633 illa
1019 2593 1093 2653 quae
1122 2574 1178 2635 alio
1208 2594 1284 2635 nexu

114 2674 327 2733 sententiarum
352 2690 442 2751 supra
465 2673 626 2731 memoravi
648 2670 672 2730 ll
695 2669 749 2732 ta:
774 2679 873 2732 tomen
892 2675 968 2747 quid
985 2676 1105 2733 intersit
1124 2721 1130 2732 .
1146 2721 1152 2732 .
1169 2721 1174 2732 .
1194 2678 1286 2734 multo

114 2770 286 2844 diligentius
306 2769 420 2830 scilicet
439 2787 619 2848 cognoscere
640 2771 752 2846 poteris
772 2788 811 2830 ex
833 2771 951 2830 Graeco
974 2771 1107 2845 Gorgiae
1126 2773 1212 2850 libro,
1233 2773 1287 2832 uhi

111 2868 252 2940 pluribus
284 2870 523 2941 uniuscuiusque
555 2870 636 2927 rotie
669 2869 812 2927 redditur
916 2866 1042 2927 absurda
1076 2869 1227 2948 videntur,
1260 2871 1286 2928 si

115 2965 337 3042 epitomatorem
361 2982 393 3024 ea
419 2966 574 3044 scripsisse
598 2963 762 3025 credimus:
788 2983 851 3024 mea
871 2968 1018 3025 sententia
1038 2969 1063 3024 si
1082 2967 1149 3044 quis
1169 2968 1200 3026 in
1220 2966 1284 3026 hre-

116 3063 182 3120 vius
199 3063 374 3123 contrahere
394 3082 469 3141 quae
488 3063 565 3141 apud
586 3065 685 3140 ipsum
700 3061 843 3122 Rutilium
863 3062 975 3140 legerat
993 3063 1119 3124 hahebat
1133 3066 1163 3122 in
1179 3066 1286 3145 animo,

116 3161 146 3218 ei
173 3159 241 3220 haec
270 3161 388 3240 quidem
418 3159 506 3219 verba
536 3160 644 3238 quibus
673 3160 708 3219 ed
734 3159 871 3237 Gorgiam
900 3160 1066 3240 relegamur
1091 3162 1177 3241 plane
1201 3166 1286 3221 omit·

117 3257 202 3316 tenda
225 3269 311 3318 erant
334 3291 376 3300 —-
401 3260 459 3317 nisi
484 3259 560 3317 lorte
583 3260 754 3336 quicunque
774 3261 998 3337 epitomatorem
1019 3267 1188 3320 statuerunt
1207 3260 1286 3320 hunc

116 3371 238 3430 prorsus
262 3355 402 3415 stolidum
427 3355 575 3414 hominem
600 3374 634 3415 ac
657 3357 849 3415 temerarium
874 3355 976 3416 haberi
999 3357 1109 3418 volunt.

204 3452 260 3512 Sed
286 3445 362 3513 nihil
383 3452 547 3513 desiderari
570 3472 668 3533 neque
686 3455 717 3513 in
737 3453 989 3532 descriptionibus
1008 3455 1169 3533 figurarum
1189 3473 1286 3534 neque

117 3550 149 3608 in
176 3549 315 3630 exemplis
344 3568 402 3628 quo
431 3569 571 3629 cogemur
600 3553 787 3629 epitomatori
815 3551 980 3612 attribuere
1006 3552 1073 3612 illos
1096 3553 1171 3613 duos
1194 3552 1287 3612 lihros

117 3645 271 3723 probatum
296 3658 350 3708 est.

204 3745 283 3815 Quae
313 3764 380 3806 cum
408 3749 448 3807 ita
473 3749 545 3827 sint,
574 3766 641 3807 cum
666 3766 762 3826 neque
786 3747 822 3806 de
847 3750 995 3826 excerptis
1019 3766 1074 3808 nec
1098 3748 1134 3807 de
1159 3751 1286 3827 epitome

119 3843 244 3918 cogitare
277 3842 377 3917 liceat,
410 3843 458 3904 ille
490 3863 565 3923 qrree
595 3854 689 3904 exstat
717 3848 747 3905 in
775 3845 879 3905 Rutilii
907 3845 982 3905 lihro
1011 3846 1102 3906 altero
1131 3848 1286 3926 inscriptio

119 3939 250 4001 codicum
271 3945 427 4003 schemata
447 3947 549 4004 lexeos
568 3947 606 4004 de
624 3946 702 4004 libro
720 3946 853 4004 secondo
873 3942 958 4003 nihili
977 3942 1109 4002 iacienda
1129 3952 1187 4003 est:
1212 3962 1287 4021 quae

119 4040 362 4116 quemadmodum
396 4043 527 4118 potuerit
555 4043 641 4122 oriri,
673 4044 721 4101 vix
749 4059 836 4120 posse
864 4042 998 4119 indagari
1026 4049 1105 4119 route.
1157 4040 1288 4122 Accedit,

120 4135 198 4214 quod
216 4137 279 4198 talis
298 4141 455 4217 inscriptio
474 4139 677 4200 tantummodo
697 4140 820 4198 secundi
839 4141 924 4199 initio
944 4138 1012 4198 libri
1031 4140 1195 4198 invenitur:
1214 4139 1288 4199 nihil

120 4234 260 4295 eiusmodi
286 4255 383 4316 neque
407 4239 437 4296 in
461 4239 654 4316 inscriptione
679 4238 766 4314 primi
790 4235 859 4295 lihri
883 4271 925 4278 —
949 4236 1081 4296 eiusdem
1106 4237 1287 4316 subscriptio

120 4329 204 4392 deest
224 4366 265 4376 —
287 4353 386 4414 neque
409 4336 441 4395 in
464 4335 585 4395 alterius
609 4333 829 4410 subscriptione
853 4333 969 4412 legitur.

208 4429 246 4492 lle
273 4434 309 4493 iis
338 4439 438 4494 antem
465 4451 540 4511 quae
569 4435 657 4512 primi
685 4433 770 4492 initio
799 4430 868 4491 libri
896 4440 926 4491 et
953 4434 984 4492 in
1012 4433 1070 4493 fine
1099 4432 1221 4493 alterius
1246 4433 1284 4492 le·

1041 4533 1074 4586 2*
