3068 5028
753 304 1034 368 -16-,

549 521 568 597 §
587 518 617 581 3.
654 515 754 581 Birtii
778 516 939 581 sententia
962 517 1174 582 examinatur.

366 663 468 724 Restat
500 663 692 724 examinanda
725 665 871 722 sententia
901 661 1084 723 Theodori
1111 663 1197 725 Birt.
1248 662 1454 724 Proficisciiur

276 762 325 822 ille
354 782 370 822 a
399 763 534 823 codicum
563 762 750 821 testimoniis
796 761 892 840 Atque
916 761 1033 821 codices
1057 765 1133 841 noti,
1162 761 1276 822 scilicet
1299 761 1452 822 Mediccus

277 880 353 922 saec.
381 858 458 940 xlv,
491 858 642 919 Mediceus
676 876 752 918 saec.
779 857 844 938 XV,
866 856 1079 919 Riccardiaous
1112 878 1187 920 saec.
1212 858 1262 920 XV
1294 861 1453 920 continens

276 959 325 1019 lib.
345 958 357 1017 l
381 957 422 1035 ἐξ
445 955 538 1038 1-9,
562 955 798 1017 Vindobonensis
821 955 870 1016 lat.
892 953 964 1036 179,
988 956 1062 1016 banc
1082 956 1192 1017 habent
1210 959 1452 1035 inscriptionem:

277 1059 310 1116 P.
330 1057 442 1116 Rutilii
463 1056 543 1132 Lupi
564 1057 719 1115 schemata
743 1057 889 1115 diauoeas
913 1073 952 1114 erc
978 1056 1097 1115 Graeco
1121 1073 1214 1116 uorsa
1240 1057 1368 1130 Geraia,
1392 1057 1453 1114 nisi

176 1201 178 1203 -
277 1154 356 1233 quod
380 1152 616 1213 Vindobonensis
644 1153 743 1211 omisit
770 1155 930 1212 diamoeas:
957 1152 988 1211 in
1017 1151 1075 1210 fine
1103 1159 1202 1212 tamen
1229 1150 1299 1212 libri
1327 1151 1452 1212 alterius

275 1253 355 1312 idem
380 1250 615 1311 vindobonensis
643 1249 763 1318 exhibet
789 1250 876 1310 haec:
905 1251 938 1310 P.
958 1249 1069 1310 Rutilii
1095 1250 1176 1326 Lupi
1200 1252 1356 1310 schemata
1385 1253 1451 1310 dia-

276 1369 368 1412 uoeas
391 1369 432 1410 ea
453 1351 588 1410 Graeco.
603 1350 719 1422 Gorpia
742 1350 997 1424 uorsa.eaplieit.
1036 1350 1143 1424 incipit
1161 1348 1294 1409 Romami
1312 1351 1451 1424 Aquilae.

275 1449 434 1510 Praeterea
462 1456 560 1508 autem
588 1448 672 1506 initio
701 1444 771 1505 libri
798 1445 921 1506 alterius
948 1447 979 1504 in
1006 1445 1070 1504 cod.
1094 1444 1235 1506 Mediceis
1259 1448 1281 1505 Α
1306 1458 1336 1506 et
1359 1447 1382 1506 B
1407 1449 1451 1508 in·

277 1549 399 1626 scriptio
432 1545 541 1623 legitur
574 1545 660 1605 haec:
693 1545 727 1603 P.
750 1545 862 1604 Rutilii
888 1544 969 1620 Lupi
994 1545 1150 1603 schemata
1177 1548 1279 1604 lexeos
1307 1547 1345 1605 de
1372 1546 1453 1605 libro

275 1648 409 1707 secundo
437 1651 467 1704 et
495 1646 525 1703 in
549 1641 782 1706 vindobonensi:
810 1644 965 1703 schemata
991 1644 1100 1702 lexeos.
1146 1643 1192 1702 Ile
1215 1644 1293 1703 libro
1317 1643 1361 1704 Il.
1407 1641 1452 1700 Ex

276 1762 334 1823 qua
364 1742 482 1822 quidem
511 1742 707 1818 inscriptione
733 1739 796 1800 Birt
823 1742 854 1799 in
884 1739 958 1799 libro
987 1758 1075 1818 quem
1104 1741 1225 1819 scripsit
1252 1739 1288 1800 de
1316 1746 1453 1800 veterum

276 1859 309 1901 re
341 1840 461 1900 libraria
493 1858 521 1917 p.
545 1836 625 1919 384,
658 1857 725 1898 cum
758 1841 934 1916 praesertim
963 1856 1038 1916 quae
1067 1837 1183 1898 duobus
1211 1837 1296 1898 libris
1325 1840 1453 1897 servatis

276 1941 468 2000 continentur
492 1956 525 1997 ea
548 1939 595 1996 vix
620 1936 656 1996 ad
680 1955 771 1997 unium
796 1935 933 1996 volumen
958 1933 1136 2013 explendum
1160 1938 1187 1996 ei
1211 1936 1349 1996 sufficere
1371 1937 1452 1996 vide·

277 2045 393 2115 rentur,
419 2036 474 2095 bos
497 2038 578 2114 ipsos
602 2052 677 2113 quos
701 2033 844 2094 babemus
867 2033 960 2094 libros
983 2042 1141 2113 excerptos
1164 2053 1230 2095 esse
1253 2033 1381 2113 collegit.

365 2127 396 2217 a)
424 2134 674 2212 tegumentorum
702 2133 795 2210 igitur
823 2151 898 2211 quae
926 2131 975 2191 ille
1003 2134 1048 2192 vir
1074 2132 1209 2193 eruditus
1232 2135 1333 2212 posuit
1355 2151 1453 2193 unum

195 2255 197 2259 ·
275 2235 306 2293 iu
340 2251 373 2292 ea
404 2250 492 2310 quam
520 2231 607 2292 modo
636 2231 763 2290 indicavi
791 2230 928 2290 codicum
956 2232 1149 2309 inscriptione
1178 2249 1253 2310 quac
1281 2230 1391 2310 legitur
1420 2233 1453 2290 in

276 2329 379 2392 Rutilii
410 2329 486 2389 libro
520 2329 612 2389 altero
641 2336 789 2388 versatur:
823 2347 897 2406 quae
924 2330 1080 2406 inscriptio
1110 2348 1176 2389 cum
1206 2348 1264 2390 non
1293 2328 1390 2389 solum
1420 2331 1453 2388 in

276 2429 416 2488 Mediceis
444 2426 597 2487 codicibus
626 2444 730 2486 verum
759 2427 847 2486 etiam
876 2429 905 2485 in
930 2424 1152 2486 Vindobonensi
1179 2434 1288 2506 exstet,
1316 2429 1346 2485 in
1371 2444 1453 2486 com·

276 2529 358 2587 ruenni
381 2526 489 2586 horum
513 2525 650 2586 codicum
673 2523 834 2603 archetypo
858 2523 936 2583 baud
960 2522 1049 2583 dubie
1073 2525 1137 2584 luit.

364 2624 405 2684 Ac
438 2623 474 2683 de
508 2624 657 2700 excerptis
689 2640 778 2701 posse
805 2621 937 2699 intellegi
965 2638 998 2680 ea
1027 2621 1116 2681 verba
1145 2625 1181 2683 de
1209 2625 1287 2683 libro
1314 2625 1452 2683 secundo

276 2725 372 2802 quivis
397 2721 549 2782 concedet.
585 2720 624 2780 Ut
643 2719 776 2798 exempla
796 2720 938 2798 quaedam
957 2737 1075 2801 ponam,
1099 2738 1115 2779 e
1135 2719 1244 2798 quibus
1263 2737 1338 2798 quae
1358 2720 1453 2780 luerit

275 2820 461 2882 consuetudo
494 2819 640 2879 eiusmodi
672 2825 811 2897 excerpta
845 2817 1027 2878 inscribendi
1058 2820 1198 2896 cognosci
1231 2827 1332 2898 queat,
1364 2817 1453 2878 Pauli

274 2920 396 2981 Diaconi
429 2918 493 2978 cod.
517 2917 702 2977 Monacensis
735 2924 765 2976 et
792 2915 1041 2995 Guelferbytanus
1071 2918 1114 2976 sic
1143 2915 1362 2977 inscribuntur:
1396 2935 1452 2976 ex—

274 3027 381 3095 cerpta
405 3036 444 3079 ex
468 3018 555 3076 lihris
579 3016 715 3091 Pompeii
737 3017 820 3075 Festi
842 3017 879 3075 de
901 3018 1076 3089 significata
1101 3017 1279 3086 uerborum:
1307 3014 1452 3074 Martialis

274 3113 343 3174 libri
367 3111 605 3192 spectaculorum
629 3111 692 3171 cod.
712 3110 873 3171 Tbuaneus
897 3111 972 3171 hauc
996 3112 1119 3189 praebet
1141 3115 1380 3190 inscriptionem:
1409 3132 1453 3174 ex

275 3215 361 3273 libris
389 3212 432 3271 M.
458 3211 564 3270 Valeri
588 3209 745 3269 Martialis
778 3211 1019 3285 epigrammaton
1049 3213 1226 3272 breviatum.
1279 3210 1335 3271 Sed
1365 3229 1452 3288 prae-

274 3312 383 3389 positio
412 3312 450 3370 de
476 3307 511 3367 ad
542 3306 732 3385 significanda
760 3315 898 3386 excerpta
925 3325 1073 3387 peraeque
1102 3316 1190 3388 atque
1215 3329 1254 3370 ex
1278 3308 1453 3370 adhibetur:

275 3407 311 3468 cl.
340 3424 415 3486 quiae
443 3404 576 3465 eiusdem
605 3403 674 3464 libri
703 3405 940 3483 spectaculorum
970 3405 1033 3466 cod.
1054 3405 1214 3468 Vossianus
1243 3406 1375 3468 exbibet:
1404 3411 1452 3468 iu·

276 3527 350 3601 cepit
373 3524 529 3598 excerptio
552 3523 590 3580 de
613 3522 699 3581 libris
720 3521 875 3582 Martialis
898 3507 1121 3597 epigramma]
1144 3522 1331 3600 Audacisque
1352 3539 1452 3598 gram·

275 3623 376 3683 matici
399 3625 538 3697 excerpta
562 3621 592 3677 in
616 3618 680 3678 cod.
701 3616 787 3678 Bern.
812 3627 841 3678 et
864 3618 976 3679 Monac.
1001 3621 1043 3679 sic
1067 3619 1286 3680 inscribuntur:
1312 3621 1453 3680 Audaeis

276 3724 314 3782 de
337 3721 452 3780 Scauri
479 3724 508 3776 et
531 3717 667 3776 Palladii
693 3718 780 3777 lihris
806 3726 952 3793 eucerpta
973 3737 1032 3793 per
1055 3721 1324 3792 iuterropatiomem
1347 3723 1377 3777 et
1400 3737 1452 3778 re·

274 3820 469 3896 sponsionem.
507 3810 592 3882 Quod
611 3816 643 3873 in
662 3813 708 3874 his
727 3815 973 3893 inscriptionibus
993 3815 1125 3875 additum
1145 3814 1253 3893 legitur
1271 3813 1452 3874 vocabulum

275 3921 422 3991 excerpta
449 3910 494 3972 vel
519 3911 614 3973 simile
638 3913 724 3991 quid,
752 3913 855 3973 eodem
879 3913 966 3974 modo
991 3922 1079 3993 atque
1103 3915 1134 3972 in
1157 3911 1305 3972 Rutiliana
1327 3911 1376 3971 illa
1401 3931 1453 3972 co-

275 4015 375 4075 dicum
412 4011 606 4089 inscriptione
644 4012 827 4088 saepissume
865 4015 1006 4072 omissum
1040 4019 1099 4072 est:
1136 4011 1201 4070 vide
1234 4011 1370 4070 codicum
1404 4013 1453 4072 in-

276 4111 454 4188 scriptiones
482 4127 556 4187 quas
584 4109 707 4186 praebet
734 4107 930 4170 bibliothecae
959 4110 1109 4187 catalogus
1137 4110 1277 4188 antiquus
1305 4108 1454 4170 ecclesiae

276 4207 463 4270 Centulensis
492 4209 552 4266 sive
583 4205 613 4267 S.
633 4205 778 4267 Richarii:
806 4208 852 4268 Ile
879 4210 966 4268 libris
995 4209 1024 4268 S.
1044 4209 1210 4283 Aapustimi
1231 4254 1237 4266 .
1257 4253 1264 4266 .
1287 4209 1334 4268 De
1361 4209 1454 4270 libris

275 4310 305 4368 S.
323 4309 467 4380 Greporii
485 4352 513 4364 ..
533 4307 579 4366 De
597 4307 684 4366 libris
703 4306 819 4366 Isidori
836 4350 865 4367 ..
884 4307 930 4366 Ile
953 4308 1039 4366 libris
1063 4307 1211 4380 Oripemis,
1235 4313 1265 4364 et
1284 4313 1383 4366 cetera
1405 4340 1451 4349 —

275 4415 304 4466 et
323 4403 465 4466 Coenobii
489 4402 518 4464 S.
534 4402 609 4463 Galli
631 4421 707 4463 saec.
726 4402 953 4483 IX‚catalogus:
978 4451 1029 4464 ...
1050 4405 1095 4465 De
1117 4406 1204 4464 libris
1227 4407 1337 4464 ueteris
1356 4411 1452 4466 testa-
