<?xml version="1.0" encoding="UTF-8"?>
<!DOCTYPE html PUBLIC "-//W3C//DTD XHTML 1.0 Transitional//EN"
    "http://www.w3.org/TR/xhtml1/DTD/xhtml1-transitional.dtd">
<html xmlns="http://www.w3.org/1999/xhtml" xml:lang="en" lang="en">
 <head>
  <title>
</title>
<meta http-equiv="Content-Type" content="text/html;charset=utf-8" />
  <meta name='ocr-system' content='tesseract 3.04.00' />
  <meta name='ocr-capabilities' content='ocr_page ocr_carea ocr_par ocr_line ocrx_word'/>
</head>
<body>
  <div class='ocr_page' id='page_1' title='image "./quaestionesruti00kriegoog_0022.png"; bbox 0 0 3068 5028; ppageno 0'>
   <div class='ocr_carea' id='block_1_1' title="bbox 569 324 788 389">
    <p class='ocr_par' dir='ltr' id='par_1_1' title="bbox 569 324 788 389">
     <span class='ocr_line' id='line_1_1' title="bbox 569 324 788 389; baseline 0.037 -19"><span class='ocrx_word' id='word_1_1' title='bbox 569 324 788 389; x_wconf 59' lang='lat'>-15-</span> 
     </span>
    </p>
   </div>
   <div class='ocr_carea' id='block_1_2' title="bbox 46 503 1267 983">
    <p class='ocr_par' dir='ltr' id='par_1_2' title="bbox 46 503 1267 686">
     <span class='ocr_line' id='line_1_2' title="bbox 46 503 1267 587; baseline -0.006 -17"><span class='ocrx_word' id='word_1_2' title='bbox 46 507 49 512; x_wconf 82' lang='grc'><strong>’</strong></span> <span class='ocrx_word' id='word_1_3' title='bbox 90 503 197 570; x_wconf 74' lang='grc' dir='ltr'><strong>θέτου</strong></span> <span class='ocrx_word' id='word_1_4' title='bbox 224 518 254 570; x_wconf 92' lang='lat' dir='ltr'>et</span> <span class='ocrx_word' id='word_1_5' title='bbox 281 503 465 587; x_wconf 75' lang='grc' dir='ltr'><strong><em>ἀναγκαίου</em></strong></span> <span class='ocrx_word' id='word_1_6' title='bbox 492 524 656 586; x_wconf 87' lang='lat' dir='ltr'>eorumque</span> <span class='ocrx_word' id='word_1_7' title='bbox 685 505 721 566; x_wconf 93' lang='lat' dir='ltr'>ab</span> <span class='ocrx_word' id='word_1_8' title='bbox 750 507 883 567; x_wconf 88' lang='lat' dir='ltr'>eiusdem</span> <span class='ocrx_word' id='word_1_9' title='bbox 911 507 1039 566; x_wconf 89' lang='lat' dir='ltr'>nominis</span> <span class='ocrx_word' id='word_1_10' title='bbox 1066 504 1267 566; x_wconf 79' lang='lat' dir='ltr'><strong>schematibus</strong></span> 
     </span>
     <span class='ocr_line' id='line_1_3' title="bbox 91 607 715 686; baseline -0.005 -19"><span class='ocrx_word' id='word_1_11' title='bbox 91 607 193 668; x_wconf 82' lang='lat' dir='ltr'>lexeos</span> <span class='ocrx_word' id='word_1_12' title='bbox 216 607 383 669; x_wconf 70' lang='lat' dir='ltr'><strong>differentia</strong></span> <span class='ocrx_word' id='word_1_13' title='bbox 407 608 504 686; x_wconf 79' lang='lat' dir='ltr'>egisse</span> <span class='ocrx_word' id='word_1_14' title='bbox 529 613 643 666; x_wconf 90' lang='lat' dir='ltr'>eertum</span> <span class='ocrx_word' id='word_1_15' title='bbox 669 607 715 665; x_wconf 91' lang='lat' dir='ltr'>sit.</span> 
     </span>
    </p>

    <p class='ocr_par' dir='ltr' id='par_1_3' title="bbox 91 701 1267 983">
     <span class='ocr_line' id='line_1_4' title="bbox 181 701 1267 783; baseline -0.005 -18"><span class='ocrx_word' id='word_1_16' title='bbox 181 705 247 765; x_wconf 92' lang='lat' dir='ltr'>Non</span> <span class='ocrx_word' id='word_1_17' title='bbox 275 723 341 766; x_wconf 88' lang='lat' dir='ltr'>esse</span> <span class='ocrx_word' id='word_1_18' title='bbox 369 705 461 783; x_wconf 87' lang='lat' dir='ltr'>igitur</span> <span class='ocrx_word' id='word_1_19' title='bbox 490 722 565 783; x_wconf 91' lang='lat' dir='ltr'>quae</span> <span class='ocrx_word' id='word_1_20' title='bbox 589 702 701 763; x_wconf 84' lang='lat' dir='ltr'>llzialas</span> <span class='ocrx_word' id='word_1_21' title='bbox 729 701 877 780; x_wconf 76' lang='lat' dir='ltr'>indagavit</span> <span class='ocrx_word' id='word_1_22' title='bbox 906 722 939 763; x_wconf 89' lang='lat' dir='ltr'>ea</span> <span class='ocrx_word' id='word_1_23' title='bbox 969 702 1076 782; x_wconf 89' lang='lat' dir='ltr'>quibus</span> <span class='ocrx_word' id='word_1_24' title='bbox 1101 701 1267 762; x_wconf 82' lang='lat' dir='ltr'>stabiliatur</span> 
     </span>
     <span class='ocr_line' id='line_1_5' title="bbox 91 791 1266 882; baseline -0.003 -20"><span class='ocrx_word' id='word_1_25' title='bbox 91 803 151 862; x_wconf 95' lang='lat' dir='ltr'>ullo</span> <span class='ocrx_word' id='word_1_26' title='bbox 175 791 264 882; x_wconf 84' lang='lat' dir='ltr'>pacto</span> <span class='ocrx_word' id='word_1_27' title='bbox 287 804 352 862; x_wconf 89' lang='lat' dir='ltr'>eius</span> <span class='ocrx_word' id='word_1_28' title='bbox 376 805 523 863; x_wconf 91' lang='lat' dir='ltr'>sententia</span> <span class='ocrx_word' id='word_1_29' title='bbox 543 809 625 861; x_wconf 91' lang='lat' dir='ltr'>extra</span> <span class='ocrx_word' id='word_1_30' title='bbox 646 819 762 861; x_wconf 92' lang='lat' dir='ltr'>omnem</span> <span class='ocrx_word' id='word_1_31' title='bbox 783 800 998 861; x_wconf 79' lang='lat' dir='ltr'>dubitationem</span> <span class='ocrx_word' id='word_1_32' title='bbox 1017 809 1071 863; x_wconf 91' lang='lat' dir='ltr'>est.</span> <span class='ocrx_word' id='word_1_33' title='bbox 1109 799 1266 861; x_wconf 87' lang='lat' dir='ltr'>Videamus</span> 
     </span>
     <span class='ocr_line' id='line_1_6' title="bbox 91 898 987 983; baseline 0 -23"><span class='ocrx_word' id='word_1_34' title='bbox 91 919 199 983; x_wconf 86' lang='lat' dir='ltr'>porro,</span> <span class='ocrx_word' id='word_1_35' title='bbox 222 909 364 981; x_wconf 90' lang='lat' dir='ltr'>quantum</span> <span class='ocrx_word' id='word_1_36' title='bbox 389 902 430 960; x_wconf 90' lang='lat' dir='ltr'>sit.</span> <span class='ocrx_word' id='word_1_37' title='bbox 451 898 557 960; x_wconf 91' lang='lat' dir='ltr'>Blassii</span> <span class='ocrx_word' id='word_1_38' title='bbox 581 901 764 978; x_wconf 79' lang='lat' dir='ltr'>argumentis</span> <span class='ocrx_word' id='word_1_39' title='bbox 787 898 987 960; x_wconf 91' lang='lat' dir='ltr'>tribuendum.</span> 
     </span>
    </p>
   </div>
   <div class='ocr_carea' id='block_1_3' title="bbox 360 1126 1002 1209">
    <p class='ocr_par' dir='ltr' id='par_1_4' title="bbox 360 1126 1002 1209">
     <span class='ocr_line' id='line_1_7' title="bbox 360 1126 1002 1209; baseline 0.002 -17"><span class='ocrx_word' id='word_1_40' title='bbox 360 1132 379 1209; x_wconf 68' lang='grc' dir='ltr'><strong>ξ</strong></span> <span class='ocrx_word' id='word_1_41' title='bbox 400 1131 430 1194; x_wconf 86' lang='lat'>2.</span> <span class='ocrx_word' id='word_1_42' title='bbox 466 1126 586 1192; x_wconf 87' lang='lat' dir='ltr'>Blassii</span> <span class='ocrx_word' id='word_1_43' title='bbox 608 1126 769 1191; x_wconf 82' lang='lat' dir='ltr'>sententia</span> <span class='ocrx_word' id='word_1_44' title='bbox 792 1126 1002 1194; x_wconf 84' lang='lat' dir='ltr'>examinatur.</span> 
     </span>
    </p>
   </div>
   <div class='ocr_carea' id='block_1_4' title="bbox 36 1262 1274 4164">
    <p class='ocr_par' dir='ltr' id='par_1_5' title="bbox 89 1262 1268 1932">
     <span class='ocr_line' id='line_1_8' title="bbox 182 1262 1266 1344; baseline -0.003 -20"><span class='ocrx_word' id='word_1_45' title='bbox 182 1267 277 1344; x_wconf 77' lang='lat' dir='ltr'>Atque</span> <span class='ocrx_word' id='word_1_46' title='bbox 306 1264 520 1325; x_wconf 85' lang='lat' dir='ltr'>Fridericus</span> <span class='ocrx_word' id='word_1_47' title='bbox 549 1263 649 1324; x_wconf 87' lang='lat' dir='ltr'>Blass</span> <span class='ocrx_word' id='word_1_48' title='bbox 682 1267 711 1323; x_wconf 93' lang='lat' dir='ltr'>in</span> <span class='ocrx_word' id='word_1_49' title='bbox 744 1263 820 1324; x_wconf 93' lang='lat' dir='ltr'>libro</span> <span class='ocrx_word' id='word_1_50' title='bbox 849 1281 936 1342; x_wconf 91' lang='lat' dir='ltr'>quem</span> <span class='ocrx_word' id='word_1_51' title='bbox 966 1265 1086 1341; x_wconf 82' lang='lat' dir='ltr'>scripsit</span> <span class='ocrx_word' id='word_1_52' title='bbox 1114 1263 1150 1322; x_wconf 94' lang='lat' dir='ltr'>de</span> <span class='ocrx_word' id='word_1_53' title='bbox 1179 1262 1266 1322; x_wconf 87' lang='lat' dir='ltr'>Grae·</span> 
     </span>
     <span class='ocr_line' id='line_1_9' title="bbox 91 1360 1267 1443; baseline -0.002 -21"><span class='ocrx_word' id='word_1_54' title='bbox 91 1381 198 1423; x_wconf 90' lang='lat' dir='ltr'>corum</span> <span class='ocrx_word' id='word_1_55' title='bbox 232 1363 400 1443; x_wconf 86' lang='lat' dir='ltr'>eloquentia</span> <span class='ocrx_word' id='word_1_56' title='bbox 433 1363 502 1423; x_wconf 91' lang='lat' dir='ltr'>inde</span> <span class='ocrx_word' id='word_1_57' title='bbox 536 1361 572 1422; x_wconf 96' lang='lat' dir='ltr'>ab</span> <span class='ocrx_word' id='word_1_58' title='bbox 601 1361 765 1421; x_wconf 81' lang='lat' dir='ltr'>Alexandro</span> <span class='ocrx_word' id='word_1_59' title='bbox 797 1379 893 1440; x_wconf 89' lang='lat' dir='ltr'>usque</span> <span class='ocrx_word' id='word_1_60' title='bbox 924 1360 959 1420; x_wconf 95' lang='lat' dir='ltr'>ad</span> <span class='ocrx_word' id='word_1_61' title='bbox 988 1362 1113 1439; x_wconf 77' lang='lat' dir='ltr'>Augusti</span> <span class='ocrx_word' id='word_1_62' title='bbox 1141 1369 1267 1420; x_wconf 90' lang='lat' dir='ltr'>aetatem</span> 
     </span>
     <span class='ocr_line' id='line_1_10' title="bbox 91 1456 1267 1541; baseline -0.002 -21"><span class='ocrx_word' id='word_1_63' title='bbox 91 1479 117 1520; x_wconf 93' lang='lat' dir='ltr'>a.</span> <span class='ocrx_word' id='word_1_64' title='bbox 135 1456 222 1522; x_wconf 83' lang='lat'>1865</span> <span class='ocrx_word' id='word_1_65' title='bbox 242 1461 321 1521; x_wconf 90' lang='lat' dir='ltr'>edito</span> <span class='ocrx_word' id='word_1_66' title='bbox 341 1469 499 1541; x_wconf 90' lang='lat' dir='ltr'>excerptos</span> <span class='ocrx_word' id='word_1_67' title='bbox 518 1477 583 1520; x_wconf 91' lang='lat' dir='ltr'>esse</span> <span class='ocrx_word' id='word_1_68' title='bbox 603 1459 657 1518; x_wconf 90' lang='lat' dir='ltr'>bos</span> <span class='ocrx_word' id='word_1_69' title='bbox 677 1459 752 1519; x_wconf 90' lang='lat' dir='ltr'>duos</span> <span class='ocrx_word' id='word_1_70' title='bbox 772 1477 846 1536; x_wconf 88' lang='lat' dir='ltr'>quos</span> <span class='ocrx_word' id='word_1_71' title='bbox 865 1458 1009 1519; x_wconf 91' lang='lat' dir='ltr'>babemus</span> <span class='ocrx_word' id='word_1_72' title='bbox 1028 1458 1121 1519; x_wconf 90' lang='lat' dir='ltr'>libros</span> <span class='ocrx_word' id='word_1_73' title='bbox 1137 1462 1267 1536; x_wconf 92' lang='lat' dir='ltr'>primum</span> 
     </span>
     <span class='ocr_line' id='line_1_11' title="bbox 89 1552 1267 1638; baseline -0.002 -20"><span class='ocrx_word' id='word_1_74' title='bbox 89 1559 204 1619; x_wconf 90' lang='lat' dir='ltr'>idcirco</span> <span class='ocrx_word' id='word_1_75' title='bbox 233 1569 335 1619; x_wconf 92' lang='lat' dir='ltr'>censet</span> <span class='ocrx_word' id='word_1_76' title='bbox 364 1554 406 1638; x_wconf 84' lang='lat' dir='ltr'>(p.</span> <span class='ocrx_word' id='word_1_77' title='bbox 427 1557 468 1620; x_wconf 77' lang='lat'>97</span> <span class='ocrx_word' id='word_1_78' title='bbox 494 1576 560 1618; x_wconf 92' lang='lat' dir='ltr'>ann.</span> <span class='ocrx_word' id='word_1_79' title='bbox 580 1552 629 1638; x_wconf 75' lang='lat'>5),</span> <span class='ocrx_word' id='word_1_80' title='bbox 662 1557 739 1635; x_wconf 89' lang='lat' dir='ltr'>quod</span> <span class='ocrx_word' id='word_1_81' title='bbox 769 1559 833 1617; x_wconf 91' lang='lat' dir='ltr'>sine</span> <span class='ocrx_word' id='word_1_82' title='bbox 862 1558 965 1617; x_wconf 90' lang='lat' dir='ltr'>ordine</span> <span class='ocrx_word' id='word_1_83' title='bbox 995 1556 1127 1636; x_wconf 85' lang='lat' dir='ltr'>singulae</span> <span class='ocrx_word' id='word_1_84' title='bbox 1156 1559 1267 1636; x_wconf 84' lang='lat' dir='ltr'>figurae</span> 
     </span>
     <span class='ocr_line' id='line_1_12' title="bbox 92 1654 1267 1738; baseline -0.001 -23"><span class='ocrx_word' id='word_1_85' title='bbox 92 1655 254 1717; x_wconf 85' lang='lat' dir='ltr'>collocatae</span> <span class='ocrx_word' id='word_1_86' title='bbox 278 1660 346 1738; x_wconf 84' lang='lat' dir='ltr'>sint,</span> <span class='ocrx_word' id='word_1_87' title='bbox 371 1657 477 1717; x_wconf 89' lang='lat' dir='ltr'>deinde</span> <span class='ocrx_word' id='word_1_88' title='bbox 502 1656 581 1734; x_wconf 83' lang='lat' dir='ltr'>quod</span> <span class='ocrx_word' id='word_1_89' title='bbox 605 1656 717 1732; x_wconf 87' lang='lat' dir='ltr'>figurae</span> <span class='ocrx_word' id='word_1_90' title='bbox 737 1654 893 1715; x_wconf 87' lang='lat' dir='ltr'>verborum</span> <span class='ocrx_word' id='word_1_91' title='bbox 914 1663 944 1716; x_wconf 91' lang='lat' dir='ltr'>et</span> <span class='ocrx_word' id='word_1_92' title='bbox 963 1657 1178 1715; x_wconf 87' lang='lat' dir='ltr'>sententiarum</span> <span class='ocrx_word' id='word_1_93' title='bbox 1198 1673 1267 1714; x_wconf 92' lang='lat' dir='ltr'>con·</span> 
     </span>
     <span class='ocr_line' id='line_1_13' title="bbox 89 1751 1268 1835; baseline -0.001 -22"><span class='ocrx_word' id='word_1_94' title='bbox 89 1754 175 1814; x_wconf 88' lang='lat' dir='ltr'>lusae</span> <span class='ocrx_word' id='word_1_95' title='bbox 205 1754 248 1814; x_wconf 94' lang='lat' dir='ltr'>ibi</span> <span class='ocrx_word' id='word_1_96' title='bbox 275 1763 363 1835; x_wconf 94' lang='lat' dir='ltr'>atque</span> <span class='ocrx_word' id='word_1_97' title='bbox 392 1756 555 1834; x_wconf 80' lang='lat' dir='ltr'>permixtae</span> <span class='ocrx_word' id='word_1_98' title='bbox 584 1752 733 1832; x_wconf 85' lang='lat' dir='ltr'>legantur,</span> <span class='ocrx_word' id='word_1_99' title='bbox 761 1771 828 1813; x_wconf 92' lang='lat' dir='ltr'>eum</span> <span class='ocrx_word' id='word_1_100' title='bbox 858 1755 920 1831; x_wconf 91' lang='lat' dir='ltr'>ipse</span> <span class='ocrx_word' id='word_1_101' title='bbox 944 1751 1073 1813; x_wconf 90' lang='lat' dir='ltr'>Rutilius</span> <span class='ocrx_word' id='word_1_102' title='bbox 1099 1753 1268 1813; x_wconf 85' lang='lat' dir='ltr'>distinxerit</span> 
     </span>
     <span class='ocr_line' id='line_1_14' title="bbox 90 1851 1219 1932; baseline 0 -22"><span class='ocrx_word' id='word_1_103' title='bbox 90 1851 171 1913; x_wconf 87' lang='lat' dir='ltr'>baud</span> <span class='ocrx_word' id='word_1_104' title='bbox 196 1852 286 1913; x_wconf 89' lang='lat' dir='ltr'>dubie</span> <span class='ocrx_word' id='word_1_105' title='bbox 310 1863 472 1932; x_wconf 91' lang='lat' dir='ltr'>utrumque</span> <span class='ocrx_word' id='word_1_106' title='bbox 496 1869 590 1930; x_wconf 92' lang='lat' dir='ltr'>genus</span> <span class='ocrx_word' id='word_1_107' title='bbox 614 1851 777 1928; x_wconf 86' lang='lat' dir='ltr'>figurarum</span> <span class='ocrx_word' id='word_1_108' title='bbox 800 1869 834 1911; x_wconf 89' lang='lat' dir='ltr'>ae</span> <span class='ocrx_word' id='word_1_109' title='bbox 858 1853 1015 1929; x_wconf 89' lang='lat' dir='ltr'>separatim</span> <span class='ocrx_word' id='word_1_110' title='bbox 1039 1853 1219 1911; x_wconf 84' lang='lat' dir='ltr'>tractaverit.</span> 
     </span>
    </p>

    <p class='ocr_par' dir='ltr' id='par_1_6' title="bbox 87 1948 1268 2515">
     <span class='ocr_line' id='line_1_15' title="bbox 181 1948 1267 2030; baseline 0.002 -23"><span class='ocrx_word' id='word_1_111' title='bbox 181 1950 218 2010; x_wconf 78' lang='lat' dir='ltr'>At</span> <span class='ocrx_word' id='word_1_112' title='bbox 242 1968 428 2029; x_wconf 89' lang='lat' dir='ltr'>nequaquam</span> <span class='ocrx_word' id='word_1_113' title='bbox 453 1951 534 2008; x_wconf 89' lang='lat' dir='ltr'>omni</span> <span class='ocrx_word' id='word_1_114' title='bbox 557 1966 660 2009; x_wconf 90' lang='lat' dir='ltr'>carere</span> <span class='ocrx_word' id='word_1_115' title='bbox 679 1949 782 2009; x_wconf 91' lang='lat' dir='ltr'>ordine</span> <span class='ocrx_word' id='word_1_116' title='bbox 802 1949 854 2008; x_wconf 92' lang='lat' dir='ltr'>bas</span> <span class='ocrx_word' id='word_1_117' title='bbox 873 1951 983 2027; x_wconf 85' lang='lat' dir='ltr'>figuras</span> <span class='ocrx_word' id='word_1_118' title='bbox 1002 1948 1175 2030; x_wconf 84' lang='lat' dir='ltr'>Rutilianas,</span> <span class='ocrx_word' id='word_1_119' title='bbox 1199 1968 1267 2010; x_wconf 91' lang='lat' dir='ltr'>cum</span> 
     </span>
     <span class='ocr_line' id='line_1_16' title="bbox 91 2047 1268 2128; baseline 0 -22"><span class='ocrx_word' id='word_1_120' title='bbox 91 2049 228 2125; x_wconf 89' lang='lat' dir='ltr'>quamvis</span> <span class='ocrx_word' id='word_1_121' title='bbox 263 2048 372 2108; x_wconf 90' lang='lat' dir='ltr'>multae</span> <span class='ocrx_word' id='word_1_122' title='bbox 401 2048 534 2108; x_wconf 91' lang='lat' dir='ltr'>eiusdem</span> <span class='ocrx_word' id='word_1_123' title='bbox 563 2048 681 2124; x_wconf 90' lang='lat' dir='ltr'>generis</span> <span class='ocrx_word' id='word_1_124' title='bbox 709 2047 874 2107; x_wconf 90' lang='lat' dir='ltr'>disiunctae</span> <span class='ocrx_word' id='word_1_125' title='bbox 903 2056 1032 2128; x_wconf 83' lang='lat' dir='ltr'>exstent,</span> <span class='ocrx_word' id='word_1_126' title='bbox 1065 2047 1137 2107; x_wconf 88' lang='lat' dir='ltr'>aliae</span> <span class='ocrx_word' id='word_1_127' title='bbox 1166 2047 1268 2125; x_wconf 91' lang='lat' dir='ltr'>plures</span> 
     </span>
     <span class='ocr_line' id='line_1_17' title="bbox 87 2135 1267 2225; baseline 0.002 -22"><span class='ocrx_word' id='word_1_128' title='bbox 87 2153 173 2204; x_wconf 92' lang='lat' dir='ltr'>recte</span> <span class='ocrx_word' id='word_1_129' title='bbox 203 2145 283 2204; x_wconf 92' lang='lat' dir='ltr'>inter</span> <span class='ocrx_word' id='word_1_130' title='bbox 312 2135 350 2205; x_wconf 67' lang='lat' dir='ltr'>se&#39;</span> <span class='ocrx_word' id='word_1_131' title='bbox 373 2147 549 2206; x_wconf 89' lang='lat' dir='ltr'>coniunctae</span> <span class='ocrx_word' id='word_1_132' title='bbox 577 2145 726 2225; x_wconf 82' lang='lat' dir='ltr'>legantur,</span> <span class='ocrx_word' id='word_1_133' title='bbox 755 2147 812 2204; x_wconf 92' lang='lat' dir='ltr'>iam</span> <span class='ocrx_word' id='word_1_134' title='bbox 843 2163 932 2224; x_wconf 91' lang='lat' dir='ltr'>supra</span> <span class='ocrx_word' id='word_1_135' title='bbox 961 2155 1063 2206; x_wconf 90' lang='lat' dir='ltr'>contra</span> <span class='ocrx_word' id='word_1_136' title='bbox 1090 2144 1267 2206; x_wconf 82' lang='lat' dir='ltr'>llzialasium</span> 
     </span>
     <span class='ocr_line' id='line_1_18' title="bbox 88 2241 1267 2323; baseline 0.001 -22"><span class='ocrx_word' id='word_1_137' title='bbox 88 2241 215 2301; x_wconf 88' lang='lat' dir='ltr'>uberius</span> <span class='ocrx_word' id='word_1_138' title='bbox 240 2241 442 2303; x_wconf 88' lang='lat' dir='ltr'>demonstravi</span> <span class='ocrx_word' id='word_1_139' title='bbox 468 2245 630 2321; x_wconf 89' lang='lat' dir='ltr'>monuique</span> <span class='ocrx_word' id='word_1_140' title='bbox 654 2251 821 2323; x_wconf 88' lang='lat' dir='ltr'>praeterea,</span> <span class='ocrx_word' id='word_1_141' title='bbox 850 2261 887 2302; x_wconf 92' lang='lat' dir='ltr'>ne</span> <span class='ocrx_word' id='word_1_142' title='bbox 911 2242 947 2302; x_wconf 92' lang='lat' dir='ltr'>ab</span> <span class='ocrx_word' id='word_1_143' title='bbox 971 2243 1050 2303; x_wconf 91' lang='lat' dir='ltr'>illius</span> <span class='ocrx_word' id='word_1_144' title='bbox 1074 2245 1178 2303; x_wconf 90' lang='lat' dir='ltr'>aetatis</span> <span class='ocrx_word' id='word_1_145' title='bbox 1202 2242 1267 2302; x_wconf 92' lang='lat' dir='ltr'>rbe-</span> 
     </span>
     <span class='ocr_line' id='line_1_19' title="bbox 87 2338 1267 2420; baseline -0.001 -21"><span class='ocrx_word' id='word_1_146' title='bbox 87 2338 209 2399; x_wconf 90' lang='lat' dir='ltr'>toribus</span> <span class='ocrx_word' id='word_1_147' title='bbox 228 2349 340 2400; x_wconf 91' lang='lat' dir='ltr'>certam</span> <span class='ocrx_word' id='word_1_148' title='bbox 361 2341 508 2420; x_wconf 91' lang='lat' dir='ltr'>quandam</span> <span class='ocrx_word' id='word_1_149' title='bbox 529 2340 672 2400; x_wconf 90' lang='lat' dir='ltr'>adunam</span> <span class='ocrx_word' id='word_1_150' title='bbox 692 2358 795 2400; x_wconf 90' lang='lat' dir='ltr'>omnes</span> <span class='ocrx_word' id='word_1_151' title='bbox 813 2341 923 2418; x_wconf 90' lang='lat' dir='ltr'>tiguras</span> <span class='ocrx_word' id='word_1_152' title='bbox 943 2341 1106 2402; x_wconf 89' lang='lat' dir='ltr'>collocandi</span> <span class='ocrx_word' id='word_1_153' title='bbox 1123 2343 1267 2400; x_wconf 90' lang='lat' dir='ltr'>rationem</span> 
     </span>
     <span class='ocr_line' id='line_1_20' title="bbox 89 2437 289 2515; baseline 0.005 -19"><span class='ocrx_word' id='word_1_154' title='bbox 89 2437 289 2515; x_wconf 88' lang='lat' dir='ltr'>postulemus.</span> 
     </span>
    </p>

    <p class='ocr_par' dir='ltr' id='par_1_7' title="bbox 36 2533 1274 3889">
     <span class='ocr_line' id='line_1_21' title="bbox 182 2533 1266 2616; baseline 0 -22"><span class='ocrx_word' id='word_1_155' title='bbox 182 2534 299 2603; x_wconf 87' lang='lat' dir='ltr'>Quibus</span> <span class='ocrx_word' id='word_1_156' title='bbox 327 2554 397 2596; x_wconf 89' lang='lat' dir='ltr'>vero</span> <span class='ocrx_word' id='word_1_157' title='bbox 426 2535 462 2595; x_wconf 95' lang='lat' dir='ltr'>de</span> <span class='ocrx_word' id='word_1_158' title='bbox 491 2537 589 2596; x_wconf 90' lang='lat' dir='ltr'>causis</span> <span class='ocrx_word' id='word_1_159' title='bbox 612 2533 695 2596; x_wconf 90' lang='lat' dir='ltr'>Blass</span> <span class='ocrx_word' id='word_1_160' title='bbox 724 2544 753 2595; x_wconf 91' lang='lat' dir='ltr'>et</span> <span class='ocrx_word' id='word_1_161' title='bbox 779 2535 937 2597; x_wconf 89' lang='lat' dir='ltr'>verborum</span> <span class='ocrx_word' id='word_1_162' title='bbox 961 2537 1071 2616; x_wconf 86' lang='lat' dir='ltr'>figuras</span> <span class='ocrx_word' id='word_1_163' title='bbox 1096 2544 1125 2596; x_wconf 94' lang='lat' dir='ltr'>et</span> <span class='ocrx_word' id='word_1_164' title='bbox 1149 2544 1266 2596; x_wconf 89' lang='lat' dir='ltr'>senten-</span> 
     </span>
     <span class='ocr_line' id='line_1_22' title="bbox 90 2631 1267 2713; baseline 0.003 -21"><span class='ocrx_word' id='word_1_165' title='bbox 90 2635 203 2693; x_wconf 92' lang='lat' dir='ltr'>tiarum</span> <span class='ocrx_word' id='word_1_166' title='bbox 228 2635 397 2711; x_wconf 90' lang='lat' dir='ltr'>promiscue</span> <span class='ocrx_word' id='word_1_167' title='bbox 421 2631 468 2692; x_wconf 89' lang='lat' dir='ltr'>bis</span> <span class='ocrx_word' id='word_1_168' title='bbox 492 2631 609 2693; x_wconf 93' lang='lat' dir='ltr'>duobus</span> <span class='ocrx_word' id='word_1_169' title='bbox 629 2632 712 2693; x_wconf 93' lang='lat' dir='ltr'>libris</span> <span class='ocrx_word' id='word_1_170' title='bbox 731 2636 878 2694; x_wconf 89' lang='lat' dir='ltr'>contineri</span> <span class='ocrx_word' id='word_1_171' title='bbox 898 2637 1044 2713; x_wconf 89' lang='lat' dir='ltr'>opinetur,</span> <span class='ocrx_word' id='word_1_172' title='bbox 1068 2637 1188 2695; x_wconf 91' lang='lat' dir='ltr'>omnino</span> <span class='ocrx_word' id='word_1_173' title='bbox 1208 2653 1267 2704; x_wconf 86' lang='lat' dir='ltr'>nou</span> 
     </span>
     <span class='ocr_line' id='line_1_23' title="bbox 87 2730 1267 2810; baseline 0.001 -20"><span class='ocrx_word' id='word_1_174' title='bbox 87 2730 231 2809; x_wconf 92' lang='lat' dir='ltr'>intellego</span> <span class='ocrx_word' id='word_1_175' title='bbox 260 2763 302 2772; x_wconf 86' lang='lat'>-</span> <span class='ocrx_word' id='word_1_176' title='bbox 331 2730 405 2791; x_wconf 91' lang='lat' dir='ltr'>nibil</span> <span class='ocrx_word' id='word_1_177' title='bbox 438 2749 508 2790; x_wconf 91' lang='lat' dir='ltr'>sane</span> <span class='ocrx_word' id='word_1_178' title='bbox 540 2733 604 2810; x_wconf 92' lang='lat' dir='ltr'>ipse</span> <span class='ocrx_word' id='word_1_179' title='bbox 634 2748 693 2808; x_wconf 84' lang='lat' dir='ltr'>quo</span> <span class='ocrx_word' id='word_1_180' title='bbox 722 2731 879 2793; x_wconf 85' lang='lat' dir='ltr'>confirmet</span> <span class='ocrx_word' id='word_1_181' title='bbox 907 2735 1084 2793; x_wconf 91' lang='lat' dir='ltr'>sententiam</span> <span class='ocrx_word' id='word_1_182' title='bbox 1113 2751 1195 2792; x_wconf 90' lang='lat' dir='ltr'>suam</span> <span class='ocrx_word' id='word_1_183' title='bbox 1223 2734 1267 2791; x_wconf 91' lang='lat' dir='ltr'>in·</span> 
     </span>
     <span class='ocr_line' id='line_1_24' title="bbox 89 2829 1267 2910; baseline 0 -22"><span class='ocrx_word' id='word_1_184' title='bbox 89 2829 172 2889; x_wconf 91' lang='lat' dir='ltr'>dicat</span> <span class='ocrx_word' id='word_1_185' title='bbox 195 2861 247 2908; x_wconf 87' lang='lat'>-,</span> <span class='ocrx_word' id='word_1_186' title='bbox 272 2847 305 2888; x_wconf 92' lang='lat' dir='ltr'>ac</span> <span class='ocrx_word' id='word_1_187' title='bbox 330 2829 386 2889; x_wconf 87' lang='lat' dir='ltr'>tale</span> <span class='ocrx_word' id='word_1_188' title='bbox 411 2829 481 2907; x_wconf 89' lang='lat' dir='ltr'>quid</span> <span class='ocrx_word' id='word_1_189' title='bbox 507 2847 574 2889; x_wconf 91' lang='lat' dir='ltr'>eum</span> <span class='ocrx_word' id='word_1_190' title='bbox 599 2830 738 2888; x_wconf 87' lang='lat' dir='ltr'>statuisse</span> <span class='ocrx_word' id='word_1_191' title='bbox 763 2847 798 2888; x_wconf 91' lang='lat' dir='ltr'>eo</span> <span class='ocrx_word' id='word_1_192' title='bbox 818 2833 910 2908; x_wconf 90' lang='lat' dir='ltr'>magis</span> <span class='ocrx_word' id='word_1_193' title='bbox 929 2833 1031 2910; x_wconf 87' lang='lat' dir='ltr'>miror,</span> <span class='ocrx_word' id='word_1_194' title='bbox 1055 2831 1134 2909; x_wconf 91' lang='lat' dir='ltr'>quod</span> <span class='ocrx_word' id='word_1_195' title='bbox 1154 2831 1189 2891; x_wconf 91' lang='lat' dir='ltr'>de</span> <span class='ocrx_word' id='word_1_196' title='bbox 1209 2829 1267 2890; x_wconf 92' lang='lat' dir='ltr'>Ru-</span> 
     </span>
     <span class='ocr_line' id='line_1_25' title="bbox 89 2915 1274 2989; baseline 0 -3"><span class='ocrx_word' id='word_1_197' title='bbox 89 2927 158 2986; x_wconf 91' lang='lat' dir='ltr'>tilio</span> <span class='ocrx_word' id='word_1_198' title='bbox 182 2925 272 2986; x_wconf 89' lang='lat' dir='ltr'>verba</span> <span class='ocrx_word' id='word_1_199' title='bbox 294 2928 414 2988; x_wconf 85' lang='lat' dir='ltr'>facienti</span> <span class='ocrx_word' id='word_1_200' title='bbox 434 2929 461 2987; x_wconf 92' lang='lat' dir='ltr'>ei</span> <span class='ocrx_word' id='word_1_201' title='bbox 480 2935 569 2986; x_wconf 90' lang='lat' dir='ltr'>notus</span> <span class='ocrx_word' id='word_1_202' title='bbox 589 2944 653 2986; x_wconf 90' lang='lat' dir='ltr'>esse</span> <span class='ocrx_word' id='word_1_203' title='bbox 674 2924 777 2987; x_wconf 88' lang='lat' dir='ltr'>debuit</span> <span class='ocrx_word' id='word_1_204' title='bbox 796 2926 913 2987; x_wconf 89' lang='lat' dir='ltr'>libellus</span> <span class='ocrx_word' id='word_1_205' title='bbox 931 2927 982 2988; x_wconf 91' lang='lat' dir='ltr'>ille</span> <span class='ocrx_word' id='word_1_206' title='bbox 1000 2947 1025 2989; x_wconf 90' lang='lat' dir='ltr'>a.</span> <span class='ocrx_word' id='word_1_207' title='bbox 1046 2925 1133 2989; x_wconf 87' lang='grc'>1863</span> <span class='ocrx_word' id='word_1_208' title='bbox 1152 2947 1166 2987; x_wconf 92' lang='lat' dir='ltr'>a</span> <span class='ocrx_word' id='word_1_209' title='bbox 1188 2915 1274 2987; x_wconf 50' lang='lat' dir='ltr'>llzia-¹</span> 
     </span>
     <span class='ocr_line' id='line_1_26' title="bbox 89 3020 1268 3104; baseline 0.001 -20"><span class='ocrx_word' id='word_1_210' title='bbox 89 3025 167 3084; x_wconf 92' lang='lat' dir='ltr'>lasio</span> <span class='ocrx_word' id='word_1_211' title='bbox 196 3023 308 3104; x_wconf 87' lang='lat' dir='ltr'>editus,</span> <span class='ocrx_word' id='word_1_212' title='bbox 337 3028 388 3104; x_wconf 91' lang='lat' dir='ltr'>qui</span> <span class='ocrx_word' id='word_1_213' title='bbox 417 3026 536 3104; x_wconf 91' lang='lat' dir='ltr'>quidem</span> <span class='ocrx_word' id='word_1_214' title='bbox 565 3043 592 3101; x_wconf 89' lang='lat' dir='ltr'>p.</span> <span class='ocrx_word' id='word_1_215' title='bbox 612 3020 655 3085; x_wconf 85' lang='lat'>30</span> <span class='ocrx_word' id='word_1_216' title='bbox 678 3031 708 3083; x_wconf 89' lang='lat' dir='ltr'>et</span> <span class='ocrx_word' id='word_1_217' title='bbox 732 3020 773 3083; x_wconf 85' lang='lat'>31</span> <span class='ocrx_word' id='word_1_218' title='bbox 804 3025 934 3103; x_wconf 89' lang='lat' dir='ltr'>singulas</span> <span class='ocrx_word' id='word_1_219' title='bbox 957 3025 1059 3087; x_wconf 88' lang='lat' dir='ltr'>Rutilii</span> <span class='ocrx_word' id='word_1_220' title='bbox 1087 3043 1268 3104; x_wconf 91' lang='lat' dir='ltr'>percurrens</span> 
     </span>
     <span class='ocr_line' id='line_1_27' title="bbox 90 3121 1267 3202; baseline -0.001 -19"><span class='ocrx_word' id='word_1_221' title='bbox 90 3126 205 3202; x_wconf 86' lang='lat' dir='ltr'>figuras</span> <span class='ocrx_word' id='word_1_222' title='bbox 231 3124 434 3185; x_wconf 91' lang='lat' dir='ltr'>tantummodo</span> <span class='ocrx_word' id='word_1_223' title='bbox 459 3123 558 3183; x_wconf 85' lang='lat' dir='ltr'>lexeos</span> <span class='ocrx_word' id='word_1_224' title='bbox 583 3122 731 3182; x_wconf 91' lang='lat' dir='ltr'>schemata</span> <span class='ocrx_word' id='word_1_225' title='bbox 756 3121 897 3182; x_wconf 87' lang='lat' dir='ltr'>exhibere</span> <span class='ocrx_word' id='word_1_226' title='bbox 921 3125 996 3184; x_wconf 91' lang='lat' dir='ltr'>duos</span> <span class='ocrx_word' id='word_1_227' title='bbox 1020 3124 1112 3184; x_wconf 91' lang='lat' dir='ltr'>libros</span> <span class='ocrx_word' id='word_1_228' title='bbox 1136 3133 1267 3184; x_wconf 90' lang='lat' dir='ltr'>servatos</span> 
     </span>
     <span class='ocr_line' id='line_1_28' title="bbox 89 3221 1267 3302; baseline 0.001 -22"><span class='ocrx_word' id='word_1_229' title='bbox 89 3222 196 3294; x_wconf 87' lang='lat' dir='ltr'>evicit;</span> <span class='ocrx_word' id='word_1_230' title='bbox 217 3224 356 3299; x_wconf 87' lang='lat' dir='ltr'>quocirca</span> <span class='ocrx_word' id='word_1_231' title='bbox 376 3222 473 3282; x_wconf 92' lang='lat' dir='ltr'>denuo</span> <span class='ocrx_word' id='word_1_232' title='bbox 492 3221 522 3281; x_wconf 95' lang='lat' dir='ltr'>id</span> <span class='ocrx_word' id='word_1_233' title='bbox 543 3221 746 3281; x_wconf 89' lang='lat' dir='ltr'>demonstrare</span> <span class='ocrx_word' id='word_1_234' title='bbox 766 3222 956 3300; x_wconf 86' lang='lat' dir='ltr'>supersedeo.</span> <span class='ocrx_word' id='word_1_235' title='bbox 993 3223 1095 3302; x_wconf 91' lang='lat' dir='ltr'>ltaque</span> <span class='ocrx_word' id='word_1_236' title='bbox 1115 3241 1182 3283; x_wconf 93' lang='lat' dir='ltr'>cum</span> <span class='ocrx_word' id='word_1_237' title='bbox 1203 3241 1267 3281; x_wconf 91' lang='lat' dir='ltr'>ver·</span> 
     </span>
     <span class='ocr_line' id='line_1_29' title="bbox 90 3318 1268 3399; baseline 0 -21"><span class='ocrx_word' id='word_1_238' title='bbox 90 3319 201 3378; x_wconf 92' lang='lat' dir='ltr'>borum</span> <span class='ocrx_word' id='word_1_239' title='bbox 222 3318 274 3379; x_wconf 91' lang='lat' dir='ltr'>bas</span> <span class='ocrx_word' id='word_1_240' title='bbox 294 3338 360 3380; x_wconf 88' lang='lat' dir='ltr'>esse</span> <span class='ocrx_word' id='word_1_241' title='bbox 379 3321 490 3398; x_wconf 83' lang='lat' dir='ltr'>figuras</span> <span class='ocrx_word' id='word_1_242' title='bbox 509 3318 544 3378; x_wconf 93' lang='lat' dir='ltr'>ad</span> <span class='ocrx_word' id='word_1_243' title='bbox 564 3337 652 3379; x_wconf 91' lang='lat' dir='ltr'>unam</span> <span class='ocrx_word' id='word_1_244' title='bbox 673 3336 776 3378; x_wconf 91' lang='lat' dir='ltr'>omnes</span> <span class='ocrx_word' id='word_1_245' title='bbox 795 3322 901 3396; x_wconf 90' lang='lat' dir='ltr'>partim</span> <span class='ocrx_word' id='word_1_246' title='bbox 921 3323 1016 3399; x_wconf 93' lang='lat' dir='ltr'>primo</span> <span class='ocrx_word' id='word_1_247' title='bbox 1033 3329 1154 3399; x_wconf 90' lang='lat' dir='ltr'>aspectu</span> <span class='ocrx_word' id='word_1_248' title='bbox 1170 3327 1268 3398; x_wconf 90' lang='lat' dir='ltr'>pateat</span> 
     </span>
     <span class='ocr_line' id='line_1_30' title="bbox 36 3415 1266 3496; baseline -0.001 -19"><span class='ocrx_word' id='word_1_249' title='bbox 36 3472 40 3477; x_wconf 89' lang='lat'>.</span> <span class='ocrx_word' id='word_1_250' title='bbox 87 3417 202 3495; x_wconf 87' lang='lat' dir='ltr'>partim</span> <span class='ocrx_word' id='word_1_251' title='bbox 225 3415 425 3487; x_wconf 86' lang='lat' dir='ltr'>Quintilianus</span> <span class='ocrx_word' id='word_1_252' title='bbox 449 3423 589 3495; x_wconf 87' lang='lat' dir='ltr'>testetur,</span> <span class='ocrx_word' id='word_1_253' title='bbox 619 3419 670 3495; x_wconf 91' lang='lat' dir='ltr'>qui</span> <span class='ocrx_word' id='word_1_254' title='bbox 695 3435 872 3496; x_wconf 90' lang='lat' dir='ltr'>quamquam</span> <span class='ocrx_word' id='word_1_255' title='bbox 896 3420 991 3478; x_wconf 90' lang='lat' dir='ltr'>exiis</span> <span class='ocrx_word' id='word_1_256' title='bbox 1016 3417 1184 3496; x_wconf 88' lang='lat' dir='ltr'>complures</span> <span class='ocrx_word' id='word_1_257' title='bbox 1208 3435 1266 3476; x_wconf 91' lang='lat' dir='ltr'>uon</span> 
     </span>
     <span class='ocr_line' id='line_1_31' title="bbox 86 3512 1267 3594; baseline 0.001 -21"><span class='ocrx_word' id='word_1_258' title='bbox 86 3512 212 3594; x_wconf 89' lang='lat' dir='ltr'>probat,</span> <span class='ocrx_word' id='word_1_259' title='bbox 240 3516 338 3592; x_wconf 91' lang='lat' dir='ltr'>ipsum</span> <span class='ocrx_word' id='word_1_260' title='bbox 366 3523 465 3575; x_wconf 90' lang='lat' dir='ltr'>tamen</span> <span class='ocrx_word' id='word_1_261' title='bbox 489 3512 631 3573; x_wconf 88' lang='lat' dir='ltr'>Rutilium</span> <span class='ocrx_word' id='word_1_262' title='bbox 661 3514 819 3575; x_wconf 89' lang='lat' dir='ltr'>verborum</span> <span class='ocrx_word' id='word_1_263' title='bbox 848 3516 951 3592; x_wconf 90' lang='lat' dir='ltr'>liguris</span> <span class='ocrx_word' id='word_1_264' title='bbox 980 3534 1030 3574; x_wconf 93' lang='lat' dir='ltr'>eas</span> <span class='ocrx_word' id='word_1_265' title='bbox 1058 3515 1267 3575; x_wconf 87' lang='lat' dir='ltr'>adnumerasse</span> 
     </span>
     <span class='ocr_line' id='line_1_32' title="bbox 87 3612 1267 3692; baseline 0 -20"><span class='ocrx_word' id='word_1_266' title='bbox 87 3612 249 3692; x_wconf 82' lang='lat' dir='ltr'>signifieat,</span> <span class='ocrx_word' id='word_1_267' title='bbox 272 3630 333 3673; x_wconf 93' lang='lat' dir='ltr'>non</span> <span class='ocrx_word' id='word_1_268' title='bbox 357 3621 421 3673; x_wconf 91' lang='lat' dir='ltr'>erat</span> <span class='ocrx_word' id='word_1_269' title='bbox 443 3613 566 3692; x_wconf 79' lang='lat' dir='ltr'>blassio‚</span> <span class='ocrx_word' id='word_1_270' title='bbox 590 3630 645 3672; x_wconf 91' lang='lat' dir='ltr'>cur</span> <span class='ocrx_word' id='word_1_271' title='bbox 667 3613 830 3690; x_wconf 87' lang='lat' dir='ltr'>permultas</span> <span class='ocrx_word' id='word_1_272' title='bbox 853 3612 956 3672; x_wconf 89' lang='lat' dir='ltr'>Rutilii</span> <span class='ocrx_word' id='word_1_273' title='bbox 980 3613 1089 3690; x_wconf 82' lang='lat' dir='ltr'>figuras</span> <span class='ocrx_word' id='word_1_274' title='bbox 1113 3632 1127 3672; x_wconf 98' lang='lat' dir='ltr'>a</span> <span class='ocrx_word' id='word_1_275' title='bbox 1153 3613 1267 3684; x_wconf 84' lang='lat' dir='ltr'>Quinti-</span> 
     </span>
     <span class='ocr_line' id='line_1_33' title="bbox 87 3709 1267 3791; baseline -0.001 -21"><span class='ocrx_word' id='word_1_276' title='bbox 87 3710 196 3770; x_wconf 92' lang='lat' dir='ltr'>tiliano</span> <span class='ocrx_word' id='word_1_277' title='bbox 219 3718 475 3791; x_wconf 65' lang='lat' dir='ltr'>commemoratas</span> <span class='ocrx_word' id='word_1_278' title='bbox 499 3728 601 3769; x_wconf 93' lang='lat' dir='ltr'>omnes</span> <span class='ocrx_word' id='word_1_279' title='bbox 625 3709 739 3770; x_wconf 89' lang='lat' dir='ltr'>seilicet</span> <span class='ocrx_word' id='word_1_280' title='bbox 763 3712 978 3771; x_wconf 91' lang='lat' dir='ltr'>sententiarum</span> <span class='ocrx_word' id='word_1_281' title='bbox 997 3710 1107 3788; x_wconf 80' lang='lat' dir='ltr'>figuras</span> <span class='ocrx_word' id='word_1_282' title='bbox 1127 3728 1200 3789; x_wconf 91' lang='lat' dir='ltr'>quas</span> <span class='ocrx_word' id='word_1_283' title='bbox 1219 3710 1267 3769; x_wconf 91' lang='lat' dir='ltr'>ille</span> 
     </span>
     <span class='ocr_line' id='line_1_34' title="bbox 89 3804 1027 3889; baseline 0 -21"><span class='ocrx_word' id='word_1_284' title='bbox 89 3816 124 3868; x_wconf 93' lang='lat' dir='ltr'>ut</span> <span class='ocrx_word' id='word_1_285' title='bbox 150 3804 315 3868; x_wconf 90' lang='lat' dir='ltr'>Rutilianas</span> <span class='ocrx_word' id='word_1_286' title='bbox 339 3809 437 3889; x_wconf 80' lang='lat' dir='ltr'>allent,</span> <span class='ocrx_word' id='word_1_287' title='bbox 460 3811 491 3869; x_wconf 94' lang='lat' dir='ltr'>in</span> <span class='ocrx_word' id='word_1_288' title='bbox 515 3808 562 3867; x_wconf 91' lang='lat' dir='ltr'>bis</span> <span class='ocrx_word' id='word_1_289' title='bbox 586 3807 703 3868; x_wconf 89' lang='lat' dir='ltr'>duobus</span> <span class='ocrx_word' id='word_1_290' title='bbox 726 3808 812 3868; x_wconf 90' lang='lat' dir='ltr'>libris</span> <span class='ocrx_word' id='word_1_291' title='bbox 835 3808 1027 3868; x_wconf 88' lang='lat' dir='ltr'>desideraret.</span> 
     </span>
    </p>

    <p class='ocr_par' dir='ltr' id='par_1_8' title="bbox 85 3905 1266 4164">
     <span class='ocr_line' id='line_1_35' title="bbox 183 3905 1266 3987; baseline -0.001 -21"><span class='ocrx_word' id='word_1_292' title='bbox 183 3907 313 3987; x_wconf 83' lang='lat' dir='ltr'>Adparet</span> <span class='ocrx_word' id='word_1_293' title='bbox 340 3909 432 3985; x_wconf 87' lang='lat' dir='ltr'>igitur</span> <span class='ocrx_word' id='word_1_294' title='bbox 461 3926 497 3967; x_wconf 90' lang='lat' dir='ltr'>ne</span> <span class='ocrx_word' id='word_1_295' title='bbox 522 3925 555 3966; x_wconf 93' lang='lat' dir='ltr'>ea</span> <span class='ocrx_word' id='word_1_296' title='bbox 579 3907 699 3986; x_wconf 91' lang='lat' dir='ltr'>quidem</span> <span class='ocrx_word' id='word_1_297' title='bbox 723 3915 896 3985; x_wconf 90' lang='lat' dir='ltr'>argumenta</span> <span class='ocrx_word' id='word_1_298' title='bbox 920 3924 995 3984; x_wconf 91' lang='lat' dir='ltr'>quae</span> <span class='ocrx_word' id='word_1_299' title='bbox 1018 3905 1067 3965; x_wconf 92' lang='lat' dir='ltr'>bic</span> <span class='ocrx_word' id='word_1_300' title='bbox 1091 3908 1136 3965; x_wconf 89' lang='lat' dir='ltr'>vir</span> <span class='ocrx_word' id='word_1_301' title='bbox 1159 3906 1266 3966; x_wconf 91' lang='lat' dir='ltr'>doctis-</span> 
     </span>
     <span class='ocr_line' id='line_1_36' title="bbox 86 4003 1266 4085; baseline -0.002 -19"><span class='ocrx_word' id='word_1_302' title='bbox 86 4009 186 4066; x_wconf 91' lang='lat' dir='ltr'>simus</span> <span class='ocrx_word' id='word_1_303' title='bbox 205 4004 313 4085; x_wconf 85' lang='lat' dir='ltr'>attulit,</span> <span class='ocrx_word' id='word_1_304' title='bbox 338 4014 371 4066; x_wconf 95' lang='lat' dir='ltr'>ut</span> <span class='ocrx_word' id='word_1_305' title='bbox 390 4011 546 4085; x_wconf 89' lang='lat' dir='ltr'>excerptos</span> <span class='ocrx_word' id='word_1_306' title='bbox 565 4023 631 4065; x_wconf 91' lang='lat' dir='ltr'>esse</span> <span class='ocrx_word' id='word_1_307' title='bbox 650 4005 716 4065; x_wconf 90' lang='lat' dir='ltr'>illos</span> <span class='ocrx_word' id='word_1_308' title='bbox 736 4005 810 4066; x_wconf 90' lang='lat' dir='ltr'>duos</span> <span class='ocrx_word' id='word_1_309' title='bbox 829 4004 922 4064; x_wconf 88' lang='lat' dir='ltr'>libros</span> <span class='ocrx_word' id='word_1_310' title='bbox 941 4003 1159 4084; x_wconf 86' lang='lat' dir='ltr'>comprobaret,</span> <span class='ocrx_word' id='word_1_311' title='bbox 1180 4003 1266 4064; x_wconf 87' lang='lat' dir='ltr'>ullam</span> 
     </span>
     <span class='ocr_line' id='line_1_37' title="bbox 85 4099 295 4164; baseline -0.014 0"><span class='ocrx_word' id='word_1_312' title='bbox 85 4103 153 4164; x_wconf 81' lang='lat' dir='ltr'>vim</span> <span class='ocrx_word' id='word_1_313' title='bbox 176 4099 295 4162; x_wconf 90' lang='lat' dir='ltr'>habere.</span> 
     </span>
    </p>
   </div>
   <div class='ocr_carea' id='block_1_5' title="bbox 0 0 1538 5028">
    <p class='ocr_par' dir='ltr' id='par_1_9' title="bbox 0 0 1538 5028">
     <span class='ocr_line' id='line_1_38' title="bbox 0 0 1538 5028; baseline 0 0"><span class='ocrx_word' id='word_1_314' title='bbox 0 0 1538 5028; x_wconf 95' lang='lat' dir='ltr'> </span> 
     </span>
    </p>
   </div>
  </div>
 </body>
</html>
