3098 5024
774 330 973 398 „4-

285 517 350 578 lasii
377 516 469 577 libelli
496 524 526 578 et
553 519 663 596 passim
687 515 764 594 apud
788 515 990 576 Draheimium
1014 524 1116 577 contra
1140 516 1223 578 illum
1246 517 1388 596 leguntur
1412 535 1458 577 re·

285 615 412 694 petenda
440 633 474 675 ac
503 633 577 693 qnae
605 613 679 674 mihi
701 614 760 692 ipsi
783 613 890 674 adsunt
914 633 988 674 uova
1012 633 1080 674 cum
1103 615 1150 676 his
1173 615 1356 676 conectenda
1380 622 1459 676 sunt.

376 713 487 774 [leialas
521 715 613 791 igitur
643 711 747 772 Rutilii
779 712 871 772 lihros
904 711 979 771 duos
1011 731 1086 791 quos
1119 713 1262 774 hahemus
1294 733 1331 773 ex
1363 715 1460 792 ipsius

285 831 374 872 manu
398 831 464 872 esse
488 811 638 891 profectos
657 817 745 888 negat
764 817 794 870 et
812 811 946 889 magistri
965 809 1099 890 alicuius,
1124 813 1175 889 qui
1195 812 1319 872 tortasse
1339 809 1459 871 saeculo

285 910 378 971 altero
402 918 530 970 exeunte
554 917 584 969 et
607 911 729 968 ineunte
753 909 842 967 tertio
866 909 1016 986 integrum
1036 908 1140 969 Rutilii
1158 908 1268 968 librum
1287 911 1318 968 in
1338 908 1460 968 brevius

285 1010 480 1088 contraxerit,
506 1010 655 1086 epitomen
672 1023 745 1066 -esse
769 1006 933 1067 contendit.
979 1004 1074 1066 Huius
1098 1009 1262 1068 sententiae
1286 1008 1459 1068 fundamen·

285 1116 349 1166 turn
381 1105 438 1165 hoc
471 1114 529 1167 est:
565 1125 580 1166 a
614 1103 796 1175 Quintiliano
830 1102 972 1164 Rutilium
1006 1104 1129 1180 dignum
1161 1105 1337 1186 indicatum,
1370 1123 1460 1184 quem

285 1206 473 1282 potissimum
497 1210 689 1283 sequeretur,
717 1201 853 1262 videlicet
875 1208 999 1279 propter
1021 1201 1204 1279 praeclaram
1227 1202 1460 1281 descriptionem

285 1303 457 1379 figurarum.
512 1303 603 1381 Atqui
638 1304 669 1361 in
702 1299 786 1360 libris
818 1301 870 1377 qui
903 1296 1006 1357 Rutilii
1038 1301 1157 1359 nomine
1190 1302 1343 1378 supersint
1374 1299 1461 1378 plura

286 1400 492 1478 animadverti,
521 1398 617 1478 qualia
647 1416 704 1459 non
734 1399 850 1476 possint
877 1397 936 1455 nisi
964 1394 1000 1454 ah
1022 1396 1142 1457 homine
1166 1397 1325 1458 mediocris
1348 1399 1461 1476 ingenii

285 1499 418 1578 proiecta
442 1516 516 1559 esse.
554 1496 633 1576 Ergo
657 1495 693 1556 ab
717 1497 782 1575 ipso
802 1492 912 1555 Rutilio
938 1493 991 1552 hos
1010 1493 1085 1554 duos
1103 1495 1195 1556 lihros
1214 1514 1274 1557 non
1292 1513 1381 1575 posse
1400 1513 1461 1554 non

285 1596 457 1656 abiudicari.
477 1627 511 1636 -
531 1595 605 1656 Esse
624 1602 722 1654 antem
742 1595 798 1654 tria
814 1610 890 1671 qnae
904 1591 1023 1651 homine
1039 1611 1074 1652 eo
1089 1597 1175 1655 cuius
1190 1603 1301 1654 tantam
1316 1595 1462 1654 rationem

285 1693 485 1764 Quintilianus
509 1692 647 1754 habuerit
669 1691 756 1772 plane
779 1690 898 1768 indigna
923 1707 989 1749 esse
1013 1690 1161 1769 adpareat.
1200 1691 1333 1753 Primum
1352 1695 1463 1753 mirum

284 1793 315 1852 in
348 1792 469 1852 modum
501 1791 651 1851 interdum
685 1789 820 1849 ordinem
849 1790 1010 1866 figurarum
1038 1788 1189 1850 turbatum
1218 1791 1326 1869 videri,
1359 1793 1400 1850 ita
1430 1799 1464 1851 ut

284 1891 396 1968 figurae
425 1908 477 1950 eae
506 1907 581 1968 quae
610 1888 758 1948 artissime
789 1888 868 1946 inter
897 1904 962 1946 sese
987 1887 1165 1948 cohaereant
1188 1887 1253 1948 aliis
1276 1890 1463 1967 interpositis

285 1988 389 2065 liguris
417 1988 568 2046 seiunctae
598 1987 671 2046 sint:
700 1986 742 2044 sio
771 1985 895 2064 figuram
922 1983 1170 2065 παρονομασίας
1193 2004 1208 2045 a
1232 1987 1336 2064 liguris
1359 2005 1464 2065 παρο-

285 2085 385 2165 μοίου
413 2079 640 2164 ὁμοιοπτώτου
669 2078 922 2163 ὁμοιοτελεύτου
951 2079 1115 2144 ίσοκώλου
1139 2091 1304 2163 separatam
1328 2084 1386 2163 legi
1411 2079 1463 2166 (ci.

285 2182 333 2244 Dz.
358 2201 386 2261 p.
407 2177 473 2262 35).
520 2180 647 2242 Omnino
675 2182 739 2240 sine
763 2178 822 2239 ulla
845 2182 959 2240 ratione
983 2199 1019 2240 ex
1043 2181 1147 2241 ordine
1170 2182 1280 2260 figuras
1304 2181 1463 2243 collocatas

286 2299 366 2342 esse:
389 2279 475 2358 longe
500 2279 590 2339 alium
613 2277 691 2339 haud
716 2276 805 2337 dubie
828 2280 924 2357 ipsius
942 2278 1046 2339 Rutilii
1065 2288 1196 2340 veterem
1216 2279 1350 2340 ordinem
1370 2280 1463 2341 luisse

286 2375 337 2460 (ci.
362 2378 409 2440 llz.
433 2396 462 2456 p.
482 2369 549 2459 38).
578 2410 621 2419 —
650 2375 762 2436 Deinde
792 2395 897 2454 magna
925 2376 1111 2455 neglegentia
1138 2377 1247 2438 multas
1275 2379 1385 2457 figuras
1403 2379 1463 2438 de·

286 2477 413 2555 scriptas
432 2494 511 2538 esse:
531 2474 740 2536 conterendam
760 2473 948 2555 παρομοίου
967 2469 1195 2554 ὁμοιοπτώτου
1210 2470 1464 2555 ὁμοιοτελεύτου

286 2567 327 2658 (ll
351 2566 495 2656 12-14)
513 2573 676 2651 figurarum
697 2573 912 2652 tractationem,
936 2575 1014 2632 inter·
1034 2591 1108 2651 quas
1127 2573 1197 2651 quid
1217 2575 1344 2654 intorsit,
1369 2577 1462 2653 scrip-

286 2681 380 2732 torem
400 2673 539 2749 ignorare
559 2670 699 2749 adpareat
718 2663 769 2751 (cl.
785 2668 833 2729 llz.
853 2689 880 2747 p.
895 2665 963 2750 37).
986 2703 1023 2712 -
1045 2669 1130 2751 Tum,
1150 2690 1327 2750 quamquam
1348 2683 1462 2733 cetero·

287 2771 358 2849 quin
384 2768 588 2829 tantummodo
607 2767 707 2827 lexeos
726 2766 876 2827 schemata
895 2785 964 2846 pars
984 2767 1088 2828 Rutilii
1107 2767 1193 2828 nobis
1212 2777 1325 2831 servata
1346 2769 1462 2851 haheat,

285 2860 463 2928 docods‘rov
491 2875 589 2926 tamen
613 2865 725 2944 figurae
750 2882 844 2942 genus
867 2873 1030 2946 utrumque
1054 2872 1183 2946 exstare,
1213 2866 1291 2945 quod
1316 2867 1461 2928 Rutilium

285 2973 429 3025 tractasse
458 2963 659 3034 Quintilianus
691 2964 777 3022 testis
810 2965 861 3024 sit:
894 2965 998 3042 liguris
1027 2963 1184 3025 verborum
1213 2983 1307 3042 genus
1335 2964 1461 3027 alterum

286 3063 376 3123 huius
399 3063 519 3142 figurae,
544 3061 760 3121 sententiarum
785 3059 907 3138 scilicet,
933 3061 1012 3122 nulla
1036 3061 1132 3122 addita
1157 3061 1323 3123 dillerentia
1347 3064 1462 3122 immix-

286 3169 349 3221 tum
374 3179 454 3221 esse:
483 3167 624 3238 quattuor
647 3159 727 3218 enim
750 3175 860 3234 genera
883 3152 1063 3220 ἀντιθέτου
1086 3158 1157 3238 legi,
1181 3177 1307 3236 quorum
1331 3162 1462 3238 primum

286 3266 316 3318 et
348 3257 474 3319 alterum
505 3258 624 3318 schema
653 3256 805 3336 dianoeas,
838 3257 960 3316 tertium
989 3264 1019 3316 et
1047 3265 1185 3335 quartum
1215 3257 1333 3317 schema
1361 3257 1461 3316 lexeos

286 3357 416 3416 efficiant
444 3350 494 3438 (cl.
519 3355 568 3416 liz.
590 3374 619 3434 p.
639 3350 706 3435 36).
732 3387 774 3395 -
798 3352 841 3412 Ad
870 3355 926 3412 tria
955 3354 1028 3414 haec
1055 3361 1242 3432 argumenta,
1270 3373 1345 3434 quae
1369 3354 1461 3415 libros

287 3462 419 3514 servatos
453 3471 511 3512 non
544 3471 632 3532 posse
666 3451 703 3511 ah
737 3470 771 3510 eo
802 3452 931 3529 scriptos
958 3469 1024 3512 esse
1053 3470 1140 3530 quero
1170 3454 1234 3530 ipse
1262 3451 1461 3522 Quintilianus

287 3554 361 3612 tanti
386 3552 491 3612 lecerit
514 3553 587 3612 satis
610 3549 739 3611 dilucide
764 3548 905 3628 indicent,
930 3549 1071 3609 accedere
1096 3559 1244 3630 quartum,
1268 3551 1347 3629 quod
1371 3550 1461 3622 Quin·

287 3649 407 3710 tilianus
426 3647 585 3728 lX11189,
610 3647 661 3709 uhi
680 3647 716 3708 de
737 3645 933 3706 declinatione
953 3646 1138 3707 schematum
1157 3647 1296 3708 dianoeas
1315 3656 1345 3708 et
1363 3649 1462 3710 lexeos

287 3755 366 3828 agat,
394 3747 467 3807 haec
496 3749 593 3806 omnia
618 3747 768 3825 copiosius
791 3762 857 3804 esse
882 3753 1038 3804 exsecutos
1062 3763 1129 3804 cum
1154 3745 1226 3805 alios
1250 3749 1302 3824 qui
1324 3749 1462 3826 proprios
1525 3805 1526 3818 ,

286 3845 379 3906 libros
402 3846 507 3922 liguris
531 3845 733 3905 dedicaverint
757 3853 818 3902 tum
839 3840 983 3901 Rutilium
1007 3842 1094 3923 dicat,
1118 3845 1204 3903 cuius
1229 3844 1348 3922 quidem
1373 3843 1462 3905 decli·

288 3945 428 4024 nationis,
457 3946 574 4003 tametsi
602 3945 667 4002 eius
695 3941 814 4019 generis
843 3941 952 4019 figuras
981 3959 996 4000 a
1021 3939 1202 4011 Quintiliano
1232 3951 1407 4002 memoratas
1431 3945 1461 4002 in

287 4041 371 4103 libris
395 4040 499 4101 Rutilii
522 4043 574 4119 qui
597 4042 748 4119 supersint
771 4038 941 4118 habeamus,
964 4037 1037 4098 nihil
1061 4039 1139 4118 apud
1163 4038 1245 4099 illum
1270 4039 1385 4118 legatur
1408 4033 1463 4123 (el.
1524 4103 1525 4140 ,

287 4140 335 4201 llz.
381 4136 474 4200 .37.

358 4137 464 4297 pRaec)
474 4239 566 4315 igitur
585 4235 704 4296 Dzialas.
742 4236 780 4295 At
799 4253 836 4294 ne
856 4233 1080 4295 fundamentum
1101 4236 1220 4314 quidem
1239 4237 1336 4313 ipsum
1358 4253 1462 4295 eornm

288 4353 363 4415 quae
395 4335 551 4413 proposuit
579 4335 650 4394 satis
678 4341 794 4393 certum
822 4341 876 4393 est.
926 4333 1045 4393 Maximi
1073 4335 1151 4393 enim
1180 4335 1367 4393 aestimatum
1395 4352 1462 4394 esse

288 4432 431 4494 Rutilium
459 4430 683 4501 a·Quintiliano
713 4449 771 4491 non
799 4438 916 4490 constat
943 4426 993 4512 (cl.
1022 4429 1109 4490 Drah.
1134 4449 1161 4508 p.
1183 4424 1250 4514 12).
1300 4430 1366 4509 lpse
1394 4450 1461 4509 per-
