3098 5024
605 344 825 408 ,23-

215 522 354 606 ἐπιβολή
373 524 519 607 Rut173
544 526 693 586 diversum
713 543 831 606 nomeu,
855 526 987 602 quamvis
1007 523 1129 584 eandem
1150 525 1300 585 notionem

108 624 272 703 praebent
293 625 343 704 lq.
358 624 441 686 Rom.
461 644 487 704 p.
503 621 545 684 29
566 631 595 683 et
615 621 657 686 32
677 619 726 704 (ex
745 621 852 682 Halmii
871 622 916 681 cd.
936 622 1010 681 rhet.
1031 621 1078 682 let.
1099 617 1192 704 ιιιῑιι.),
1211 641 1300 700 quem

109 726 266 802 sequitur
284 722 367 784 liert.
387 723 455 802 Cap.
476 741 502 800 p.
517 719 592 801 481,
616 720 813 781 Pseudo-luit.
833 720 868 779 de
889 719 999 780 schem.
1020 719 1073 780 lex.
1098 740 1126 798 p.
1145 717 1198 800 40,
1221 719 1299 780 Beda

111 839 143 897 p.
163 818 246 900 609,
270 823 320 900 qui
344 839 447 880 omues
466 815 681 898 ἐπαναφοράν
700 838 763 878 eoru
785 820 907 896 ligurem
926 819 1081 877 nominent
1100 811 1192 900 (Beda
1213 818 1300 878 simul

110 913 303 998 ἀναφοράν
327 911 427 1001 dicit);
451 919 487 978 cl.
511 921 599 978 etiem
623 917 743 976 Fortun.
769 936 796 994 p.
818 912 889 977 127.

217 1011 360 1094 ἐπιφορά
384 1015 450 1076 Rut.
470 1016 482 1075 l
502 1013 536 1096 83
563 1011 767 1094 ἀντισπροφή
796 1013 898 1073 eadem
923 1014 1016 1091 figure
1041 1013 1118 1090 apud
1143 1013 1196 1092 lq.
1217 1013 1299 1074 Rom.

110 1133 144 1192 p.
165 1111 213 1175 33
233 1108 285 1196 (cl.
304 1113 387 1173 Mart.
403 1113 469 1191 Cap.
491 1132 518 1191 p.
534 1110 613 1193 4813
633 1112 698 1172 vide
719 1115 806 1172 etiam
822 1110 944 1171 Fortun.
965 1130 991 1189 p.
1009 1104 1096 1193 127),
1117 1107 1298 1192 ἐπιστροφή

109 1213 202 1291 apud
223 1211 351 1271 Pelius.
371 1211 407 1271 de
428 1212 536 1272 schem.
556 1210 610 1270 lex.
635 1229 662 1288 p.
683 1205 726 1270 52
750 1210 866 1269 dicitur.
875 1202 899 1291 1)

214 1306 365 1388 κοινότης
392 1308 460 1368 Rut.
486 1309 495 1367 Ι
521 1307 555 1389 93
584 1316 613 1368 ct
640 1308 762 1368 enodem
792 1305 987 1386 συμπλοκήν
1017 1309 1068 1385 hq.
1094 1306 1233 1384 Romsp.
1258 1304 1297 1368 31

111 1402 175 1489 (ci.
198 1405 282 1466 Mart.
302 1405 371 1483 Cep.
396 1427 422 1484 p.
442 1398 523 1488 482)
547 1413 639 1466 vocet.
804 1393 806 1396 ’

215 1501 361 1582 διαφορά
385 1503 452 1564 llut.
468 1503 484 1564 .l
508 1501 560 1583 12;
588 1503 711 1562 eandem
740 1497 984 1562 ἀντανάκλασιν
1013 1502 1146 1561 Isidorus
1173 1521 1201 1580 p.
1226 1499 1300 1580 519,

112 1600 318 1664 ἀντίστασιν
341 1601 469 1662 Pelius.
493 1601 529 1660 de
554 1601 663 1660 schem.
683 1599 738 1659 lex.
762 1619 789 1677 p.
810 1595 861 1680 54,
884 1598 1011 1679 πλοκήν
1031 1601 1081 1678 Aq.
1104 1598 1186 1659 Rom.
1210 1617 1238 1678 p.
1258 1597 1297 1660 31

112 1695 177 1784 (cl.
203 1699 286 1760 liert.
305 1697 373 1778 Cep.
398 1718 424 1776 p.
444 1690 526 1779 481)
554 1697 634 1757 dicit.
668 1731 709 1738 —
743 1696 882 1756 Ceterum
909 1697 1043 1756 Isidorus
1069 1697 1160 1756 huius
1187 1697 1299 1774 figurae

112 1800 210 1859 allert
229 1796 394 1874 exemplum
410 1794 646 1873 Proculeianum,
666 1793 743 1873 quod
764 1802 795 1854 et
813 1794 891 1872 apud
906 1793 973 1854 Rut.
990 1794 1000 1853 l
1016 1791 1037 1854 5
1056 1803 1085 1854 et
1104 1794 1181 1872 apud
1198 1792 1297 1864 Orriut.

113 1893 277 1957 lX11168
301 1893 423 1972 legitur:
447 1903 476 1952 et
501 1895 627 1971 petitum
651 1893 706 1952 hoc
731 1911 796 1952 esse
820 1910 880 1952 non
899 1911 916 1951 e
936 1891 1056 1971 Rutilio,
1080 1891 1132 1950 sed
1152 1909 1188 1950 ex
1207 1890 1298 1961 Ortin-

111 1995 225 2056 tiliano
249 1992 437 2052 menifestum
461 1997 516 2071 est,
540 1992 590 2069 qui
614 1992 686 2050 item
711 1997 744 2050 ut
766 1988 899 2050 isidorus
921 1992 953 2050 in
973 1989 1092 2050 brevius
1112 1997 1299 2052 contractum
1350 1975 1352 1977 ¹

112 2090 239 2152 rettulit
262 2089 340 2167 qirod
365 2087 501 2167 pluribus
525 2090 662 2166 exposuit
682 2087 824 2168 Rutilius3
848 2095 1001 2166 praetereo
1025 2088 1081 2148 hoc
1101 2087 1179 2166 apud
1198 2086 1298 2158 Quint.

111 2193 194 2250 item
215 2197 247 2248 ut
266 2187 343 2264 epod
359 2184 504 2245 Isidorum
525 2181 797 2257 ἀντανακλάσεως
815 2187 876 2244 sive
898 2181 1059 2264 διαφορᾶς
1080 2184 1201 2265 figurae,
1221 2185 1296 2264 apud

113 2289 191 2348 Rut.
217 2303 285 2344 vero
310 2278 518 2355 ἀνακλάσεως
542 2282 553 2341 Ι
573 2279 594 2344 5
618 2282 786 2361 exemplum
809 2282 927 2360 legitur.

214 2377 372 2460 ἐπιπλοκή
396 2378 571 2460 Rut1133
595 2381 697 2440 eedem
722 2381 767 2458 hg.
792 2374 909 2460 κλίμαξ
933 2380 1010 2458 apud
1031 2382 1083 2458 riq.
1104 2381 1187 2441 Rom.
1211 2400 1238 2459 p.
1255 2379 1298 2444 34

115 2476 177 2564 (cf.
196 2478 279 2539 Mart.
294 2479 362 2558 Cep.
382 2498 409 2557 p.
424 2471 514 2561 482),
536 2477 664 2538 Ps-Rus.
684 2477 720 2536 de
740 2476 849 2537 schem.
869 2477 924 2538 lex.
944 2497 972 2556 p.
987 2474 1038 2557 52,
1058 2477 1161 2539 lsidor.
1181 2497 1207 2556 p.
1223 2473 1297 2540 517.

215 2574 365 2649 διάλυσις
380 2577 447 2637 Rut.
463 2576 474 2636 l
491 2572 545 2657 15;
565 2576 667 2636 eadem
686 2576 734 2654 lig.
749 2571 933 2636 ἀσύνδετον
948 2576 1024 2654 apud
1042 2577 1092 2655 lq.
1109 2576 1191 2636 Rom.
1208 2595 1235 2654 p.
1246 2574 1297 2656 35,

115 2694 212 2757 quem
232 2676 369 2753 sequitur
383 2674 467 2734 hlart.
482 2673 551 2752 Cep.
571 2694 597 2749 p.
613 2670 678 2734 482
697 2665 778 2756 (vide
799 2675 886 2734 etiem
902 2672 1024 2734 Fortun.
1044 2693 1072 2751 p.
1090 2668 1177 2757 126),
1196 2669 1297 2735 ἀσύν-

115 2772 221 2836 δετον
237 2772 281 2831 vel
297 2767 454 2832 διάλυτον
470 2771 546 2850 apud
562 2770 690 2832 Ps.·llul.
706 2771 741 2830 de
757 2770 867 2831 schem.
883 2769 940 2832 lex.
955 2789 981 2849 p.
993 2767 1045 2851 52,
1060 2770 1169 2832 Bedom
1184 2791 1211 2850 p.
1222 2769 1296 2834 611.

213 2865 369 2949 μετάνοια
390 2869 456 2929 llut.
475 2865 560 2949 116;
584 2869 707 2929 eandem
728 2863 963 2948 ἐπανόρθωσιν
981 2867 1110 2928 Ρε.-Ιλιιλ
1130 2868 1166 2928 de
1186 2869 1297 2930 schem.

116 2971 180 3029 lex.
204 2987 231 3045 p.
252 2963 294 3028 52
320 2975 411 3026 vocet.

212 3063 376 3146 πρόληψις
403 3063 471 3124 llut.
495 3061 577 3144 1143
612 3070 714 3124 contra
744 3064 867 3124 eaodem
894 3064 1018 3142 figurem
1047 3060 1297 3144 προκατάληψιν

117 3162 251 3226 Pelius.
271 3162 307 3222 de
328 3162 437 3222 schem.
457 3162 534 3222 dien.
554 3181 582 3240 p.
601 3159 653 3242 60,
676 3171 780 3223 euctor
803 3164 861 3222 inc.
880 3160 990 3221 schem.
1011 3162 1087 3221 dian.
1106 3181 1135 3241 p.
1154 3159 1205 3243 75,
1228 3161 1296 3222 lsid.

117 3282 149 3342 p.
171 3258 236 3322 520
259 3252 345 3342 (item
369 3261 448 3319 inter
472 3259 621 3320 schemate
645 3254 808 3343 dioececis),
832 3259 1112 3341 προπαρασκενήν
1135 3263 1196 3320 sive
1217 3277 1307 3340 προ-,

115 3356 329 3436 κατασκευήν
347 3357 469 3417 Fortun.
493 3376 521 3435 p.
542 3354 606 3419 110
629 3350 724 3441 (iuter
746 3368 845 3436 portes
869 3359 1021 3437 orationis,
1045 3375 1104 3417 non
1126 3359 1204 3416 inter
1223 3358 1295 3434 ligu-

116 3450 196 3539 res),
218 3452 490 3534 προϋπεργασίαν
514 3454 558 3514 vel
581 3453 861 3535 προπαρασκενήν
883 3453 936 3516 lul.
956 3454 1022 3515 Rus.
1046 3473 1074 3533 p.
1093 3451 1137 3515 46
1160 3453 1295 3533 appellat.

212 3549 334 3632 ἀπορία
357 3552 424 3613 Rut.
445 3552 469 3612 ll
492 3551 545 3634 103
574 3553 675 3612 eedem
704 3550 899 3632 διαπόρησις
924 3553 1001 3631 apud
1024 3552 1077 3630 λα.
1097 3552 1180 3612 Rom.
1204 3570 1232 3630 p.
1253 3547 1295 3613 25

116 3648 216 3737 (inter
240 3651 350 3712 schem.
370 3643 475 3733 dieu),
499 3658 576 3710 auct.
595 3652 651 3710 inc.
672 3649 782 3709 schem.
802 3649 878 3709 dion.
902 3668 930 3728 p.
951 3645 1002 3711 75.

211 3745 461 3828 παρασιώπησις
480 3747 548 3809 llut.
563 3747 589 3807 ll
606 3745 661 3827 113
680 3747 803 3807 eandem
822 3743 1021 3828 παράλειψιν
1041 3747 1092 3824 lq.
1108 3746 1190 3807 Rom.
1210 3765 1237 3826 p.
1252 3745 1296 3809 24

117 3842 216 3932 (iuter
235 3846 344 3907 schem.
364 3847 454 3927 (λιιι,
478 3847 515 3907 el.
534 3844 617 3907 Mart.
638 3844 706 3924 Cep.
726 3863 755 3922 p.
773 3839 864 3928 418),
888 3853 991 3904 auctor
1010 3846 1068 3905 inc.
1087 3843 1198 3907 schem.
1217 3845 1295 3906 dieo.

118 3965 151 4025 p.
171 3941 215 4006 74
238 3945 318 4004 dicit.
343 3977 385 3986 —
855 3933 865 3954 ⁰

213 4062 239 4130 l)
261 4059 373 4116 Erravit
396 4058 484 4115 Duiel.
504 4079 530 4130 p.
548 4067 593 4129 1⁵1,
619 4076 682 4114 cum
706 4055 849 4128 ἐπιφοράν
873 4057 1047 4113 Betilienum
1071 4076 1089 4113 e
1112 4060 1233 4114 Pelius.
1260 4060 1293 4114 de

119 4143 226 4196 schem.
245 4139 298 4195 lex.
318 4136 545 4194 ἐπαναδίπλωσιν
564 4138 738 4210 appellatam
758 4139 952 4193 contenderet:
972 4140 1018 4208 fig.
1040 4135 1295 4202 exercitationem

118 4236 194 4290 quae
217 4218 293 4288 apud
316 4220 396 4273 illum
421 4221 513 4273 exstet
535 4237 561 4289 p.
582 4224 616 4273 50
639 4222 713 4284 (cum
736 4220 808 4272 idem
827 4219 938 4273 uerbum
956 4220 987 4272 in
1005 4221 1098 4274 eadem
1115 4222 1251 4274 sententia
1270 4227 1295 4275 et

116 4303 240 4371 primum
263 4304 301 4353 eet
325 4305 350 4352 et
368 4305 526 4366 extrenum)
549 4298 632 4368 longe
652 4301 696 4353 est
714 4298 783 4364 elia,
808 4299 907 4352 eedem
925 4299 1033 4352 scilieet
1052 4301 1137 4367 etque
1158 4317 1191 4354 ea
1210 4315 1294 4368 qnam

118 4376 333 4449 προσαπόδοσιν
348 4378 399 4447 Aq.
415 4380 494 4433 Rom.
512 4395 540 4447 p.
555 4384 588 4432 32
608 4380 703 4445 vocat3
723 4377 758 4433 cf.
779 4378 874 4444 Quint.
890 4377 927 4430 lX
941 4397 972 4430 ιιι
988 4383 1030 4445 34,
1050 4380 1098 4447 qui
1113 4379 1147 4432 de
1162 4379 1215 4433 hec
1229 4379 1293 4447 ipse

122 4460 215 4528 figura
234 4458 320 4513 verbe
339 4457 407 4512 fecit
424 4461 596 4528 (respondent
610 4459 711 4528 primic
730 4465 754 4514 et
772 4459 883 4526 ultimo)
904 4459 1006 4513 omisso
1025 4458 1224 4528 appellatione.
