3068 5028
609 340 830 404 ,13-

133 520 196 580 Nec
223 520 296 580 mihi
324 520 510 602 improbatur
539 519 616 599 quod
645 518 759 579 Daialas
787 519 860 579 dicit
887 521 984 598 ipsum
1014 520 1206 598 scriptorem,
1237 519 1307 598 quid

44 623 51 631 '
133 621 253 679 intersit
294 621 374 681 iuter
415 621 525 697 figuras
566 616 753 697 παρομοίου
791 612 1018 692 ὁμοιοπτώτου
1056 612 1308 708 ὁμοιοτελξύτου

134 711 423 799 (1112-14)‚non
442 716 583 776 habuisse
602 724 801 794 compertum:
826 733 1003 795 quamquam
1023 717 1102 774 enim
1120 712 1308 795 παρομοίου

134 824 164 876 et
193 810 421 895 ὁμοιοπτώτου
449 815 558 894 figuras
587 813 746 892 descripsit
769 806 968 896 (παρόμοιον
992 859 1021 874 ..
1044 817 1102 874 hoc
1120 831 1307 890 paromoeon

133 916 295 975 verborum
321 914 429 990 'efficit
463 914 706 983 similitudinem
743 907 976 990 ὁμοιόπτωτον.
1032 915 1089 972 noc
1126 914 1158 971 in
1192 913 1308 972 dnobus

134 1015 235 1073 cerdis
268 1015 395 1073 eundem
427 1013 518 1072 hebet
550 1027 654 1070 casnm
683 1017 738 1070 ont
764 1013 891 1070 eandem
919 1013 1109 1070 novissimam
1136 1003 1308 1088 syllabam),

134 1104 388 1189 dpococetadeov
411 1117 510 1169 tamen
533 1108 658 1185 liguram
682 1109 721 1168 ita
746 1107 941 1186 descripsisse
965 1109 1036 1167 satis
1059 1106 1171 1187 habuit,
1195 1114 1228 1167 ut
1251 1105 1308 1165 hoc

134 1207 254 1268 schama
287 1209 386 1268 minus
418 1207 539 1268 evidens
572 1223 637 1264 esse
670 1213 758 1284 atque
789 1207 928 1284 superius
957 1223 1053 1284 neque
1082 1208 1201 1266 omnino
1229 1205 1308 1265 idem

135 1312 225 1383 atque
254 1303 325 1365 illud
350 1305 464 1366 diceret
487 1299 599 1380 (neque
623 1311 684 1364 tem
703 1306 799 1380 perio
823 1307 883 1365 dno
906 1306 1000 1365 verbe
1023 1312 1095 1365 sant
1116 1323 1214 1380 neque
1237 1323 1308 1365 enn-

135 1405 203 1463 den
231 1404 476 1464 trebentensem
505 1409 534 1463 et
560 1419 666 1462 sonum
694 1405 775 1463 vocis
804 1421 844 1463 sc.
875 1410 907 1463 ut
932 1403 962 1462 in
987 1403 1034 1480 lig.
1058 1396 1308 1485 ὁμοιοπτώτου).

133 1498 238 1577 ltaque
271 1517 339 1558 cum
373 1494 625 1579 ὁμοιοτελεύτου
655 1501 712 1558 vim
740 1519 799 1560 nou
828 1502 899 1560 satis
928 1503 1074 1578 cognitam
1103 1500 1239 1582 haberet,
1272 1520 1309 1561 ne

134 1597 319 1674 distinguere
344 1597 462 1677 quidem
487 1598 719 1657 accuratissume
743 1597 796 1658 has
820 1606 882 1659 tres
906 1599 1016 1678 figuras
1035 1601 1114 1660 inter
1132 1618 1164 1660 se
1183 1607 1308 1678 poterat.

134 1695 196 1756 Neo
230 1713 299 1755 vero
327 1695 383 1756 hoo
413 1714 467 1774 ego
495 1697 700 1756 testimonium
728 1695 804 1756 duco
832 1699 1039 1773 gravissimum
1068 1716 1127 1776 qno
1155 1699 1309 1757 evincatur

137 1797 236 1873 ipsum
256 1792 400 1854 Rutilium
424 1793 479 1854 hos
504 1812 579 1873 quos
598 1793 741 1854 hahemus
760 1794 851 1854 libros
871 1813 929 1855 non
949 1797 1115 1873 scripsisse,
1139 1814 1206 1856 cum
1226 1812 1309 1871 prae·

135 1893 240 1952 sertim
274 1892 498 1953 fundamentum
529 1890 602 1952 illud
631 1909 733 1952 eorum
763 1911 837 1972 quae
865 1892 978 1952 llzialas
1005 1895 1105 1972 posuit
1133 1895 1190 1952 iam
1220 1910 1308 1970 supra

135 1990 281 2050 caducum
311 1989 420 2051 factum
450 1992 501 2071 sit;
530 1990 581 2050 sed
610 2007 674 2049 mea
701 1991 823 2068 quiidem
847 1993 992 2051 sententia
1016 1991 1073 2051 hoc
1097 1990 1161 2050 loco
1186 1991 1229 2049 sic
1252 1990 1310 2048 lor·

137 2096 216 2148 tasse
240 2106 289 2148 res
313 2107 344 2148 se
368 2087 467 2168 habet,
492 2095 524 2148 ut
547 2091 576 2147 in
599 2087 806 2149 transferendo
825 2088 954 2150 Rutilius
974 2089 1098 2168 Gorgiae
1123 2089 1309 2148 definitiones

135 2186 393 2266 differentiamque
428 2186 585 2246 indicatam
619 2203 725 2265 parum
757 2187 949 2270 intellexerit,
981 2189 1010 2248 id
1039 2188 1118 2267 quod
1147 2189 1178 2246 in
1206 2186 1309 2264 liguris

137 2280 365 2363 ὁμοιοπτώτου
394 2293 424 2345 et
452 2280 703 2364 ὁμοιοτελεύτου
729 2303 764 2345 eo
787 2294 904 2365 poterat
928 2287 1043 2346 facilius
1066 2288 1144 2367 fieri,
1172 2287 1240 2364 quia
1265 2302 1309 2343 re·

136 2400 205 2442 vera
238 2381 293 2442 hae
326 2383 401 2444 duae
434 2382 546 2461 figurae
579 2383 626 2441 vix
657 2385 735 2442 inter
763 2401 828 2442 sese
857 2383 998 2444 differunt
1025 2402 1080 2444 nec
1109 2385 1166 2444 nisi
1195 2385 1310 2461 species

136 2480 354 2560 quodammodo
386 2475 639 2560 onocoeeiedaov
667 2480 760 2557 ligura
788 2475 1017 2559 ὁμοιοπτώτου
1045 2490 1090 2541 est
1120 2476 1172 2562 (cl.
1197 2479 1309 2540 Volkm.

136 2596 166 2656 p.
185 2571 280 2661 483):
311 2586 492 2657 quopropter
521 2577 623 2637 maluit
651 2576 686 2635 ad
715 2581 951 2658 uniuscuiusque
980 2580 1091 2658 figurae
1120 2578 1252 2658 exempla
1281 2585 1311 2636 et

137 2677 173 2737 ad
203 2679 302 2755 ipsum
325 2675 449 2755 Gorgiae
478 2675 600 2749 librom,
628 2677 683 2735 nbi
705 2679 846 2752 pluribus
875 2680 1113 2752 uniuscuiusque
1136 2679 1222 2737 ratio.
1240 2678 1309 2736 red-

137 2778 235 2849 ditur,
264 2793 318 2835 nos
346 2775 487 2853 relegare.
534 2772 628 2834 Huius
657 2783 754 2834 autem
784 2776 948 2835 sententiae
976 2793 1058 2834 meae
1086 2783 1212 2853 augetur
1237 2776 1309 2835 veri·

138 2873 313 2954 similitudo,
346 2875 372 2932 si
405 2870 641 2951 comparabimus
671 2872 718 2949 lig.
746 2866 974 2950 ὁμοιοπτώτου
1002 2880 1031 2931 et
1059 2866 1310 2951 ὁμοιοτελεύτου

137 2971 280 3052 exempla.
317 2969 500 3051 Quamquam
525 2971 604 3029 enim
628 2988 662 3028 ea
686 2968 817 3048 exempla
842 2988 902 3029 non
926 2988 992 3031 esse
1016 2968 1102 3049 plane
1122 2979 1188 3049 apta
1208 2972 1311 3049 liguris

138 3073 201 3130 suis
230 3070 326 3148 quivis
354 3069 447 3149 videt,
475 3085 533 3127 non
562 3076 661 3128 tamen
689 3085 757 3127 cum
785 3066 927 3127 Daialasio
955 3086 983 3146 p.
1008 3065 1051 3129 20
1080 3071 1156 3128 miro
1184 3069 1310 3148 quodam

137 3186 209 3229 casu
242 3170 322 3228 inter
353 3186 385 3227 se
416 3174 526 3228 mutata
555 3166 681 3244 ideoque
710 3165 746 3224 ad
775 3166 937 3227 sanandum
965 3166 1065 3227 locum
1094 3166 1311 3244 transponenda

138 3285 205 3326 esse
234 3285 304 3327 nem
332 3269 387 3342 qni
412 3267 554 3326 secundis
578 3266 669 3324 rebus
693 3296 735 3304 -
759 3267 947 3326 insidiantur
970 3273 1000 3325 et
1023 3283 1093 3325 nem
1115 3266 1312 3340 respublica

142 3399 181 3406 -—
206 3369 303 3440 legum
328 3365 509 3444 censuerim,
533 3364 623 3422 immo
647 3363 746 3439 ipsum
768 3360 912 3423 Rutilium
938 3361 1071 3443 exempla
1095 3363 1151 3442 sic,
1177 3370 1209 3422 nt
1233 3381 1311 3423 orrnc

139 3480 273 3542 quoque,
304 3480 361 3522 non
391 3470 471 3522 certe
500 3478 555 3520 suo
583 3459 723 3539 quodque
751 3460 829 3534 loco,
857 3459 1010 3542 leguntur,
1038 3463 1174 3538 posuisse
1202 3460 1312 3521 iudica·

138 3563 242 3620 verim.
288 3561 328 3620 Ao
357 3562 408 3637 qni
436 3559 466 3619 id
495 3559 606 3619 lactum
634 3555 743 3636 putas?
788 3558 938 3619 Firmatnr
962 3558 1099 3619 videlicet
1122 3558 1201 3636 quod
1226 3559 1312 3618 modo

139 3658 264 3734 conieci,
288 3653 354 3714 illae
378 3657 490 3733 figurae
514 3657 590 3733 apud
612 3655 748 3733 Gorgiam
773 3657 844 3734 quid
870 3655 926 3716 sibi
950 3655 1066 3736 vellent,
1089 3654 1234 3716 Rutilium
1253 3674 1310 3716 non

140 3755 213 3814 satis
237 3755 439 3832 perspexisse:
468 3753 660 3831 qriamobrom
684 3756 714 3813 in
738 3754 944 3813 transferendo
969 3756 1056 3815 ctiam
1081 3754 1212 3833 exempla
1237 3773 1312 3834 quae

140 3851 218 3931 apud
248 3851 331 3912 illum
355 3851 466 3930 legerat
490 3860 571 3912 recte
596 3852 736 3918 collocata
760 3853 838 3911 inter
863 3869 894 3911 se
918 3851 1127 3912 confudit*
1151 3851 1190 3912 lis
1214 3862 1312 3912 autem

141 3952 194 4028 qui
218 3950 371 4010 offendunt
395 3953 424 4008 in
444 3948 548 4010 Rutilii
571 3953 684 4010 ratione
709 3950 819 4027 figuras
842 3948 1002 4010 definiendi
1026 3949 1192 4028 respondeo
1216 3950 1313 4009 valere

140 4054 349 4126 argumentum
374 4048 431 4106 iam
455 4046 658 4107 aDraheimio
682 4048 852 4126 indagatum
875 4043 926 4128 (cf.
945 4047 1032 4108 Drah.
1057 4067 1084 4126 p.
1107 4041 1176 4128 15):
1199 4048 1313 4107 scilicet

141 4144 284 4224 exemplis
304 4146 403 4222 potius
423 4163 510 4222 quam
530 4144 752 4206 definitionibus
772 4164 834 4206 rem
855 4143 1003 4206 illustrare
1018 4142 1161 4205 Rutilium
1177 4145 1312 4225 voluisse,

140 4246 183 4304 ita
206 4251 239 4303 ut
263 4260 333 4322 prae
357 4241 415 4302 illis
439 4242 625 4303 definitiones
646 4242 743 4322 aliqua
762 4262 831 4304 sane
851 4245 882 4302 iu
901 4260 933 4302 re
954 4241 1145 4320 neglegenter
1163 4251 1312 4303 tractaret.

231 4333 263 4423 o)
291 4339 426 4400 Tertium
454 4339 525 4400 illud
555 4350 776 4422 argumentum,
809 4341 888 4419 quod
916 4339 1029 4400 llzialas
1058 4342 1161 4400 statuit
1188 4341 1312 4418 liguram

141 4432 321 4501 decede'eov
349 4446 380 4499 et
403 4441 618 4500 sententiarum
642 4448 673 4501 et
697 4439 872 4500 elocutionis
896 4437 982 4498 nobis
1006 4455 1072 4497 esse
1095 4445 1254 4518 servatam,
1282 4440 1312 4498 in
