3068 5028
740 331 959 394 „18-

266 513 399 573 credam:
418 513 604 591 septuaginta
622 510 684 570 lere
704 510 853 571 schemata
872 512 971 571 lexeos
991 511 1068 590 apud
1083 510 1298 581 Quintilianum
1317 531 1440 573 enume-

266 619 378 691 rantur,
402 612 551 688 sexaginta
575 627 668 668 unum
692 627 811 668 carmen
835 609 871 668 de
895 608 999 687 liguris
1022 609 1150 671 exbibet.
1194 609 1249 670 Sed
1275 612 1440 671 tenendum

265 719 310 780 est
342 709 420 787 quod
449 726 539 786 supra
568 709 659 767 statui
686 709 750 784 ipso
780 714 855 766 teste
880 705 1060 776 Quintiliano
1084 706 1228 768 Rutilium
1257 727 1316 769 non
1344 711 1439 771 luisse

265 826 300 867 ex
332 809 369 865 iis
403 808 455 884 qui
482 810 596 867 nullum
621 823 719 880 prope
742 809 835 877 finem
859 805 1004 880 fecerent
1030 809 1229 880 acquirendis
1257 810 1440 868 nominibus.

264 903 378 974 Quodsi
400 905 623 982 introspicimus
647 902 772 962 aliorum
796 902 993 980 complurium
1017 902 1110 964 libros
1134 923 1209 984 quos
1234 924 1292 965 non
1316 924 1440 984 operam

264 1002 390 1081 dedisse,
415 1010 448 1062 ut
471 1001 581 1078 liguras
605 1007 769 1060 statuerent
794 1019 880 1078 quam
905 1009 1027 1080 possent
1046 1000 1197 1083 plurimas
1221 1005 1292 1063 satis
1312 1011 1440 1082 constat,

264 1109 367 1161 auctor
396 1100 431 1159 ad
453 1099 636 1159 Herennium
664 1097 858 1177 quadraginta
887 1117 936 1159 sex
962 1101 1071 1177 tiguras
1095 1100 1253 1161 verborum
1278 1100 1367 1161 habet
1390 1095 1440 1182 (re

262 1198 382 1278 quidem
405 1216 474 1257 vera
498 1196 700 1257 tantummodo
725 1197 846 1274 triginta
871 1215 921 1256 sex
945 1205 1023 1276 sunt,
1047 1216 1124 1276 curn,
1149 1217 1222 1276 quas
1247 1198 1351 1259 ultimo
1371 1198 1439 1258 loco

262 1296 310 1356 ille
339 1298 423 1374 ponit
451 1295 553 1355 decern
582 1296 790 1354 exornationes
821 1293 993 1374 verborum,
1021 1313 1071 1354 eae
1100 1305 1202 1373 postea
1232 1298 1310 1356 inter
1334 1306 1440 1375 tropos

263 1395 372 1454 relatae
392 1387 476 1476 sint),
496 1392 599 1454 Cicero
619 1396 649 1451 in
670 1395 758 1452 tertio
778 1392 814 1452 de
830 1401 947 1452 oratore
963 1393 1155 1471 quadraginta
1171 1412 1259 1454 unam
1275 1406 1441 1475 enumerat,

263 1496 326 1570 ipse
360 1495 448 1552 etiam
481 1490 682 1562 Quintilianus
715 1490 907 1568 quadraginta
941 1491 1017 1569 fere,
1056 1510 1091 1550 ex
1125 1501 1208 1572 parte
1242 1496 1306 1554 sine
1338 1492 1441 1553 latinis

263 1589 517 1668 appellationibus
545 1597 682 1649 accurate
707 1587 858 1668 describit,
882 1606 950 1648 cum
974 1591 1093 1666 triginta
1118 1591 1180 1649 lere
1204 1610 1279 1669 quae
1304 1594 1362 1670 ipsi
1385 1593 1440 1650 irn-

263 1688 429 1767 probentur
460 1687 664 1747 tantummodo
698 1688 871 1746 nominatim
900 1686 1015 1746 afferat:
1048 1705 1146 1747 nonne
1175 1690 1267 1766 igitur
1294 1709 1361 1750 curn
1391 1689 1441 1748 bis

262 1804 406 1846 numerus
430 1786 593 1864 figurarum
616 1802 705 1864 quem
730 1783 789 1843 duo
813 1783 882 1843 libri
901 1783 1005 1844 Rutilii
1028 1786 1146 1844 nomine
1167 1789 1275 1847 servati
1294 1787 1442 1865 praebent

263 1886 373 1962 optime
402 1879 562 1960 congruit?
608 1882 669 1942 Nec
698 1881 806 1942 desunt
834 1883 885 1960 qui
915 1881 1064 1961 aliquanto
1093 1885 1181 1943 etiam
1209 1887 1354 1944 minorem
1383 1905 1440 1945 nu-

264 2000 378 2042 merum
403 1984 467 2041 eius
487 1983 606 2059 generis
625 1981 787 2058 figurarum
808 1982 979 2061 statuerint,
1003 1980 1039 2040 cl.
1060 1981 1380 2043 Pseudo-Rufinianum
1402 1985 1440 2043 de

263 2081 372 2141 schem.
397 2079 461 2160 lex,
486 2081 537 2158 qui
561 2080 664 2156 viginti
689 2097 738 2136 sex
763 2077 861 2157 babet,
885 2095 1047 2157 omnesque
1072 2078 1138 2139 illos
1158 2082 1207 2158 qui
1229 2079 1440 2158 vel‘epitomas

262 2179 399 2239 lecerunt
417 2177 577 2237 Alexandri
597 2175 735 2235 Numenii
759 2175 828 2235 libri
847 2175 892 2236 vel
911 2176 1077 2236 hauserunt
1095 2177 1198 2237 saltem
1220 2197 1254 2237 ex
1274 2178 1334 2260 illo,
1359 2179 1441 2238 velut

263 2279 288 2336 is
313 2278 364 2354 qui
388 2277 509 2354 proprie
533 2274 643 2335 dicitur
662 2273 821 2333 Alexandri
839 2274 979 2334 Numenii
1002 2277 1178 2354 epitomator
1199 2277 1303 2352 viginti
1323 2285 1440 2354 septem

263 2374 412 2433 schemata
444 2372 544 2433 lexeos
574 2372 677 2455 habet,
709 2370 907 2432 Phoebammo
935 2374 1041 2449 viginti
1068 2391 1134 2453 sex,
1167 2373 1305 2434 Tiberius
1335 2377 1441 2452 viginti

264 2473 408 2550 quinque,
432 2469 566 2528 Zonaeus
590 2471 693 2547 viginti
718 2488 778 2529 sex.

352 2567 453 2646 ltaque
483 2585 551 2627 cum
578 2566 681 2645 plures
710 2567 868 2627 verborum
897 2569 1007 2646 figuras
1036 2587 1123 2646 quam
1152 2571 1184 2628 in
1213 2569 1330 2630 duobus
1353 2569 1441 2630 libris

263 2668 387 2727 servatis
411 2674 541 2745 exstant,
569 2665 637 2744 plus
660 2664 797 2725 videlicet
821 2665 1014 2744 quadraginta
1039 2685 1126 2742 unam
1151 2686 1276 2726 numero
1299 2670 1440 2746 posuisse

261 2767 360 2845 ipsum
379 2763 522 2825 Rutilium
543 2781 596 2841 per
616 2780 647 2822 se
666 2781 791 2840 prorsus
811 2762 984 2823 incredibile
1006 2765 1052 2844 sit,
1072 2767 1216 2844 sequitur,
1237 2774 1269 2825 ut
1289 2767 1440 2844 exipsius

261 2881 349 2923 manu
373 2861 478 2922 Rutilii
501 2861 533 2920 bi
556 2860 615 2920 duo
640 2860 709 2920 libri
730 2861 859 2939 proiecti
882 2863 950 2923 sint.
1410 2919 1413 2924 .

350 2961 487 3021 Fortasse
512 2959 620 3018 dixerit
644 2960 798 3039 quispiam,
822 2979 890 3020 cum
915 2969 1070 3039 excerptos
1093 2978 1153 3020 non
1177 2979 1242 3020 esse
1267 2979 1317 3021 eos
1341 2961 1440 3022 libros

262 3068 376 3118 certum
406 3059 458 3136 sit,
486 3056 522 3117 de
551 3059 679 3134 epitome
709 3057 813 3117 saltem
840 3076 928 3136 posse
957 3060 1093 3137 cogitari,
1122 3057 1237 3119 scilicet
1260 3062 1440 3138 posterioris

262 3157 366 3215 aetatis
395 3154 516 3214 doctum
540 3153 687 3240 quendam
711 3153 863 3226 hominem
887 3155 995 3233 figuras
1019 3155 1083 3215 illas
1108 3157 1227 3234 quidem
1251 3176 1354 3217 omnes
1377 3157 1440 3218 Ru-

262 3253 318 3314 tilii
339 3254 506 3332 retinuisse,
527 3251 578 3310 sed
599 3251 788 3312 definitiones
808 3255 990 3312 contraxisse
1005 3255 1036 3313 in
1051 3253 1180 3336 brevius,
1199 3257 1288 3315 etiam
1303 3255 1440 3334 exempla

262 3351 406 3429 quaedam
430 3353 574 3409 omisisse.

349 3448 518 3526 Quaeritur,
542 3466 614 3508 num
637 3450 725 3508 etiarn
750 3450 894 3526 epitomas
916 3449 1101 3509 inscribendi
1124 3453 1198 3510 ratio
1223 3452 1325 3511 eadem
1345 3453 1441 3514 luerit

262 3565 336 3625 quae
365 3549 394 3605 in
423 3545 473 3605 illa
495 3544 600 3606 Rutilii
628 3545 765 3606 codicum
792 3548 987 3625 inscriptione
1017 3550 1158 3608 cernitur.
1205 3549 1300 3627 Atque
1328 3553 1441 3610 incerti

262 3647 392 3705 auctoris
417 3645 613 3721 fragmentum
639 3643 719 3722 quod
743 3644 916 3705 inscribitur
941 3645 977 3705 de
1000 3646 1243 3725 praenominibus
1263 3681 1305 3690 —-
1324 3647 1439 3709 addita-

260 3751 394 3802 mentum
422 3740 479 3801 hoc
507 3749 603 3800 exstat
631 3743 661 3799 in
691 3741 843 3802 codicibus
872 3743 907 3802 ad
932 3741 1040 3803 Valerii
1063 3743 1182 3805 Maximi
1206 3744 1352 3806 dictorum
1377 3746 1439 3806 lac·

261 3850 419 3918 torumque
442 3838 680 3899 memorabilium
706 3838 799 3899 libros
821 3859 923 3900 novem
943 3875 988 3884 -
1007 3844 1036 3901 in
1057 3842 1121 3902 cod.
1136 3840 1274 3903 Vaticano
1294 3846 1437 3922 epitoma·

260 3941 333 3999 toris
361 3937 428 3997 lulii
454 3937 571 3998 Paridis
600 3947 630 3997 et
656 3936 802 3997 Bernensi
830 3936 938 3998 Valerii
965 3939 1084 3999 Maximi
1112 3940 1188 4000 banc
1217 3940 1337 4002 exhibet
1365 3941 1435 4002 sub-

260 4037 467 4114 scriptionem:
500 4038 529 4095 Ο.
553 4035 612 4096 Titi
639 4036 736 4096 Proba·
758 4039 829 4108 sinit
855 4041 984 4113 epitoma
1011 4040 1210 4098 historiarum
1238 4041 1436 4100 diuersorum

259 4138 524 4210 exemplorumque
556 4134 773 4194 Romanorum,
828 4133 940 4194 Aurelii
973 4133 1100 4195 Victoris
1139 4154 1207 4195 vero
1242 4139 1369 4215 epitoma
1402 4139 1435 4198 in

259 4231 376 4292 duobus
400 4230 553 4292 codicibus
573 4231 716 4291 Gudianis
738 4233 780 4291 sic
805 4232 992 4293 inscribitur:
1016 4236 1133 4294 libellus
1155 4236 1193 4293 de
1211 4238 1277 4294 ut'tu
1296 4243 1324 4295 et
1343 4241 1435 4296 mori-

259 4331 313 4390 bus
337 4333 556 4407 imperatorum
580 4332 738 4390 breuiores
762 4349 801 4390 eu
824 4332 910 4391 libris
934 4332 1004 4392 Sex.
1020 4333 1140 4392 Aurelii
1165 4332 1293 4393 Victoris
1317 4351 1336 4393 o
1360 4335 1435 4395 Coe-

257 4445 330 4488 sure
351 4429 428 4502 Aua.
453 4432 614 4504 usquead
639 4428 845 4490 lbeodost'um.
888 4429 984 4509 Atque
1008 4431 1096 4490 etiam
1120 4431 1371 4508 praepositionem
1396 4436 1436 4495 de
